%YAML 1.1
%TAG !u! tag:unity3d.com,2011:
--- !u!1 &1742211212971797982
GameObject:
  m_ObjectHideFlags: 0
  m_CorrespondingSourceObject: {fileID: 0}
  m_PrefabInstance: {fileID: 0}
  m_PrefabAsset: {fileID: 0}
  serializedVersion: 6
  m_Component:
  - component: {fileID: 8312085721372549667}
  m_Layer: 0
  m_Name: AntyFlya_Level_One
  m_TagString: Untagged
  m_Icon: {fileID: 0}
  m_NavMeshLayer: 0
  m_StaticEditorFlags: 0
  m_IsActive: 1
--- !u!4 &8312085721372549667
Transform:
  m_ObjectHideFlags: 0
  m_CorrespondingSourceObject: {fileID: 0}
  m_PrefabInstance: {fileID: 0}
  m_PrefabAsset: {fileID: 0}
  m_GameObject: {fileID: 1742211212971797982}
  m_LocalRotation: {x: 0, y: 0.7071068, z: -0, w: -0.7071068}
  m_LocalPosition: {x: 4.033599, y: 0, z: -5.8642836}
  m_LocalScale: {x: 1, y: 1, z: 1}
  m_Children:
  - {fileID: 5006611465695093973}
  - {fileID: 3314281360293587560}
  - {fileID: 4885147389373619246}
  - {fileID: 6701143424214389700}
  m_Father: {fileID: 0}
  m_RootOrder: 0
  m_LocalEulerAnglesHint: {x: 0, y: 270, z: 0}
--- !u!1001 &1571327400164608100
PrefabInstance:
  m_ObjectHideFlags: 0
  serializedVersion: 2
  m_Modification:
    m_TransformParent: {fileID: 8312085721372549667}
    m_Modifications:
    - target: {fileID: 2661287607218259414, guid: bb294371ff8ee6d4aa65d82d10a85bf1, type: 3}
      propertyPath: m_Name
      value: Clike_Off_Canvas_Choise
      objectReference: {fileID: 0}
    - target: {fileID: 5274075259439946656, guid: bb294371ff8ee6d4aa65d82d10a85bf1, type: 3}
      propertyPath: m_RootOrder
      value: 3
      objectReference: {fileID: 0}
    - target: {fileID: 5274075259439946656, guid: bb294371ff8ee6d4aa65d82d10a85bf1, type: 3}
      propertyPath: m_LocalPosition.x
      value: -0.008999822
      objectReference: {fileID: 0}
    - target: {fileID: 5274075259439946656, guid: bb294371ff8ee6d4aa65d82d10a85bf1, type: 3}
      propertyPath: m_LocalPosition.y
      value: 0.6214001
      objectReference: {fileID: 0}
    - target: {fileID: 5274075259439946656, guid: bb294371ff8ee6d4aa65d82d10a85bf1, type: 3}
      propertyPath: m_LocalPosition.z
      value: 0.032999996
      objectReference: {fileID: 0}
    - target: {fileID: 5274075259439946656, guid: bb294371ff8ee6d4aa65d82d10a85bf1, type: 3}
      propertyPath: m_LocalRotation.w
      value: -0.7071068
      objectReference: {fileID: 0}
    - target: {fileID: 5274075259439946656, guid: bb294371ff8ee6d4aa65d82d10a85bf1, type: 3}
      propertyPath: m_LocalRotation.x
      value: -0
      objectReference: {fileID: 0}
    - target: {fileID: 5274075259439946656, guid: bb294371ff8ee6d4aa65d82d10a85bf1, type: 3}
      propertyPath: m_LocalRotation.y
      value: -0.7071068
      objectReference: {fileID: 0}
    - target: {fileID: 5274075259439946656, guid: bb294371ff8ee6d4aa65d82d10a85bf1, type: 3}
      propertyPath: m_LocalRotation.z
      value: -0
      objectReference: {fileID: 0}
    - target: {fileID: 5274075259439946656, guid: bb294371ff8ee6d4aa65d82d10a85bf1, type: 3}
      propertyPath: m_LocalEulerAnglesHint.x
      value: 0
      objectReference: {fileID: 0}
    - target: {fileID: 5274075259439946656, guid: bb294371ff8ee6d4aa65d82d10a85bf1, type: 3}
      propertyPath: m_LocalEulerAnglesHint.y
      value: 0
      objectReference: {fileID: 0}
    - target: {fileID: 5274075259439946656, guid: bb294371ff8ee6d4aa65d82d10a85bf1, type: 3}
      propertyPath: m_LocalEulerAnglesHint.z
      value: 0
      objectReference: {fileID: 0}
    - target: {fileID: 5619232600377498682, guid: bb294371ff8ee6d4aa65d82d10a85bf1, type: 3}
      propertyPath: _towerCanvas
      value: 
      objectReference: {fileID: 5708449976130573287}
    m_RemovedComponents: []
  m_SourcePrefab: {fileID: 100100000, guid: bb294371ff8ee6d4aa65d82d10a85bf1, type: 3}
--- !u!4 &6701143424214389700 stripped
Transform:
  m_CorrespondingSourceObject: {fileID: 5274075259439946656, guid: bb294371ff8ee6d4aa65d82d10a85bf1, type: 3}
  m_PrefabInstance: {fileID: 1571327400164608100}
  m_PrefabAsset: {fileID: 0}
--- !u!114 &6356267609866753118 stripped
MonoBehaviour:
  m_CorrespondingSourceObject: {fileID: 5619232600377498682, guid: bb294371ff8ee6d4aa65d82d10a85bf1, type: 3}
  m_PrefabInstance: {fileID: 1571327400164608100}
  m_PrefabAsset: {fileID: 0}
  m_GameObject: {fileID: 0}
  m_Enabled: 1
  m_EditorHideFlags: 0
  m_Script: {fileID: 11500000, guid: dc872d13c17b36840b7d06fe99777f94, type: 3}
  m_Name: 
  m_EditorClassIdentifier: 
--- !u!1001 &4306898511515179945
PrefabInstance:
  m_ObjectHideFlags: 0
  serializedVersion: 2
  m_Modification:
    m_TransformParent: {fileID: 8312085721372549667}
    m_Modifications:
    - target: {fileID: 1602045851616293313, guid: a76a26fbe82fa4d42986532312f2a00a, type: 3}
      propertyPath: m_Pivot.x
      value: 0.5
      objectReference: {fileID: 0}
    - target: {fileID: 1602045851616293313, guid: a76a26fbe82fa4d42986532312f2a00a, type: 3}
      propertyPath: m_Pivot.y
      value: 0.5
      objectReference: {fileID: 0}
    - target: {fileID: 1602045851616293313, guid: a76a26fbe82fa4d42986532312f2a00a, type: 3}
      propertyPath: m_RootOrder
      value: 1
      objectReference: {fileID: 0}
    - target: {fileID: 1602045851616293313, guid: a76a26fbe82fa4d42986532312f2a00a, type: 3}
      propertyPath: m_AnchorMax.x
      value: 0
      objectReference: {fileID: 0}
    - target: {fileID: 1602045851616293313, guid: a76a26fbe82fa4d42986532312f2a00a, type: 3}
      propertyPath: m_AnchorMax.y
      value: 0
      objectReference: {fileID: 0}
    - target: {fileID: 1602045851616293313, guid: a76a26fbe82fa4d42986532312f2a00a, type: 3}
      propertyPath: m_AnchorMin.x
      value: 0
      objectReference: {fileID: 0}
    - target: {fileID: 1602045851616293313, guid: a76a26fbe82fa4d42986532312f2a00a, type: 3}
      propertyPath: m_AnchorMin.y
      value: 0
      objectReference: {fileID: 0}
    - target: {fileID: 1602045851616293313, guid: a76a26fbe82fa4d42986532312f2a00a, type: 3}
      propertyPath: m_SizeDelta.x
      value: 9.9515
      objectReference: {fileID: 0}
    - target: {fileID: 1602045851616293313, guid: a76a26fbe82fa4d42986532312f2a00a, type: 3}
      propertyPath: m_SizeDelta.y
      value: 11.3683
      objectReference: {fileID: 0}
    - target: {fileID: 1602045851616293313, guid: a76a26fbe82fa4d42986532312f2a00a, type: 3}
      propertyPath: m_LocalScale.x
      value: 0.99999976
      objectReference: {fileID: 0}
    - target: {fileID: 1602045851616293313, guid: a76a26fbe82fa4d42986532312f2a00a, type: 3}
      propertyPath: m_LocalScale.z
      value: 0.99999976
      objectReference: {fileID: 0}
    - target: {fileID: 1602045851616293313, guid: a76a26fbe82fa4d42986532312f2a00a, type: 3}
      propertyPath: m_LocalPosition.x
      value: 0
      objectReference: {fileID: 0}
    - target: {fileID: 1602045851616293313, guid: a76a26fbe82fa4d42986532312f2a00a, type: 3}
      propertyPath: m_LocalPosition.y
      value: 0
      objectReference: {fileID: 0}
    - target: {fileID: 1602045851616293313, guid: a76a26fbe82fa4d42986532312f2a00a, type: 3}
      propertyPath: m_LocalPosition.z
      value: -0.5006929
      objectReference: {fileID: 0}
    - target: {fileID: 1602045851616293313, guid: a76a26fbe82fa4d42986532312f2a00a, type: 3}
      propertyPath: m_LocalRotation.w
      value: -0.7071068
      objectReference: {fileID: 0}
    - target: {fileID: 1602045851616293313, guid: a76a26fbe82fa4d42986532312f2a00a, type: 3}
      propertyPath: m_LocalRotation.x
      value: -0
      objectReference: {fileID: 0}
    - target: {fileID: 1602045851616293313, guid: a76a26fbe82fa4d42986532312f2a00a, type: 3}
      propertyPath: m_LocalRotation.y
      value: -0.7071068
      objectReference: {fileID: 0}
    - target: {fileID: 1602045851616293313, guid: a76a26fbe82fa4d42986532312f2a00a, type: 3}
      propertyPath: m_LocalRotation.z
      value: -0
      objectReference: {fileID: 0}
    - target: {fileID: 1602045851616293313, guid: a76a26fbe82fa4d42986532312f2a00a, type: 3}
      propertyPath: m_AnchoredPosition.x
      value: 0.14087534
      objectReference: {fileID: 0}
    - target: {fileID: 1602045851616293313, guid: a76a26fbe82fa4d42986532312f2a00a, type: 3}
      propertyPath: m_AnchoredPosition.y
      value: 7.28
      objectReference: {fileID: 0}
    - target: {fileID: 1602045851616293313, guid: a76a26fbe82fa4d42986532312f2a00a, type: 3}
      propertyPath: m_LocalEulerAnglesHint.x
      value: 0
      objectReference: {fileID: 0}
    - target: {fileID: 1602045851616293313, guid: a76a26fbe82fa4d42986532312f2a00a, type: 3}
      propertyPath: m_LocalEulerAnglesHint.y
      value: 0
      objectReference: {fileID: 0}
    - target: {fileID: 1602045851616293313, guid: a76a26fbe82fa4d42986532312f2a00a, type: 3}
      propertyPath: m_LocalEulerAnglesHint.z
      value: 0
      objectReference: {fileID: 0}
    - target: {fileID: 6026067901537900438, guid: a76a26fbe82fa4d42986532312f2a00a, type: 3}
      propertyPath: m_text
      value: 190
      objectReference: {fileID: 0}
    - target: {fileID: 8020008904236528674, guid: a76a26fbe82fa4d42986532312f2a00a, type: 3}
      propertyPath: m_Name
      value: CanvasFromTower
      objectReference: {fileID: 0}
    - target: {fileID: 8020008904236528674, guid: a76a26fbe82fa4d42986532312f2a00a, type: 3}
      propertyPath: m_IsActive
      value: 0
      objectReference: {fileID: 0}
    m_RemovedComponents: []
  m_SourcePrefab: {fileID: 100100000, guid: a76a26fbe82fa4d42986532312f2a00a, type: 3}
--- !u!224 &3314281360293587560 stripped
RectTransform:
  m_CorrespondingSourceObject: {fileID: 1602045851616293313, guid: a76a26fbe82fa4d42986532312f2a00a, type: 3}
  m_PrefabInstance: {fileID: 4306898511515179945}
  m_PrefabAsset: {fileID: 0}
--- !u!114 &7522640530225335359 stripped
MonoBehaviour:
  m_CorrespondingSourceObject: {fileID: 6026067901537900438, guid: a76a26fbe82fa4d42986532312f2a00a, type: 3}
  m_PrefabInstance: {fileID: 4306898511515179945}
  m_PrefabAsset: {fileID: 0}
  m_GameObject: {fileID: 0}
  m_Enabled: 1
  m_EditorHideFlags: 0
  m_Script: {fileID: 11500000, guid: f4688fdb7df04437aeb418b961361dc5, type: 3}
  m_Name: 
  m_EditorClassIdentifier: 
--- !u!1001 &5518309113480969240
PrefabInstance:
  m_ObjectHideFlags: 0
  serializedVersion: 2
  m_Modification:
    m_TransformParent: {fileID: 8312085721372549667}
    m_Modifications:
    - target: {fileID: 716061881717102797, guid: 6860d0c6275f5044eb7b6447a762d846, type: 3}
      propertyPath: m_RootOrder
      value: 0
      objectReference: {fileID: 0}
    - target: {fileID: 716061881717102797, guid: 6860d0c6275f5044eb7b6447a762d846, type: 3}
      propertyPath: m_LocalPosition.x
      value: 0
      objectReference: {fileID: 0}
    - target: {fileID: 716061881717102797, guid: 6860d0c6275f5044eb7b6447a762d846, type: 3}
      propertyPath: m_LocalPosition.y
      value: 0
      objectReference: {fileID: 0}
    - target: {fileID: 716061881717102797, guid: 6860d0c6275f5044eb7b6447a762d846, type: 3}
      propertyPath: m_LocalPosition.z
      value: 0
      objectReference: {fileID: 0}
    - target: {fileID: 716061881717102797, guid: 6860d0c6275f5044eb7b6447a762d846, type: 3}
      propertyPath: m_LocalRotation.w
      value: -0.7071068
      objectReference: {fileID: 0}
    - target: {fileID: 716061881717102797, guid: 6860d0c6275f5044eb7b6447a762d846, type: 3}
      propertyPath: m_LocalRotation.x
      value: -0
      objectReference: {fileID: 0}
    - target: {fileID: 716061881717102797, guid: 6860d0c6275f5044eb7b6447a762d846, type: 3}
      propertyPath: m_LocalRotation.y
      value: -0.7071068
      objectReference: {fileID: 0}
    - target: {fileID: 716061881717102797, guid: 6860d0c6275f5044eb7b6447a762d846, type: 3}
      propertyPath: m_LocalRotation.z
      value: -0
      objectReference: {fileID: 0}
    - target: {fileID: 716061881717102797, guid: 6860d0c6275f5044eb7b6447a762d846, type: 3}
      propertyPath: m_LocalEulerAnglesHint.x
      value: 0
      objectReference: {fileID: 0}
    - target: {fileID: 716061881717102797, guid: 6860d0c6275f5044eb7b6447a762d846, type: 3}
      propertyPath: m_LocalEulerAnglesHint.y
      value: 0
      objectReference: {fileID: 0}
    - target: {fileID: 716061881717102797, guid: 6860d0c6275f5044eb7b6447a762d846, type: 3}
      propertyPath: m_LocalEulerAnglesHint.z
      value: 0
      objectReference: {fileID: 0}
    - target: {fileID: 1092035249202608162, guid: 6860d0c6275f5044eb7b6447a762d846, type: 3}
      propertyPath: m_Name
      value: AntyFlya_Level_One
      objectReference: {fileID: 0}
    - target: {fileID: 3069187717596393899, guid: 6860d0c6275f5044eb7b6447a762d846, type: 3}
      propertyPath: _range
      value: 4.89
      objectReference: {fileID: 0}
    - target: {fileID: 3069187717596393899, guid: 6860d0c6275f5044eb7b6447a762d846, type: 3}
      propertyPath: _spawn
      value: 
      objectReference: {fileID: 3739769890806857895}
    - target: {fileID: 3069187717596393899, guid: 6860d0c6275f5044eb7b6447a762d846, type: 3}
      propertyPath: _bullite
      value: 
      objectReference: {fileID: 7442258599110033895, guid: 86ef83a8c37b65e439958de7bdc7ed62, type: 3}
    - target: {fileID: 3069187717596393899, guid: 6860d0c6275f5044eb7b6447a762d846, type: 3}
      propertyPath: _oblastSpawn
      value: 
      objectReference: {fileID: 5209393810700756124}
    - target: {fileID: 3069187717596393899, guid: 6860d0c6275f5044eb7b6447a762d846, type: 3}
      propertyPath: _partToRotate
      value: 
      objectReference: {fileID: 7280380910127101267}
    - target: {fileID: 4207981900396184399, guid: 6860d0c6275f5044eb7b6447a762d846, type: 3}
      propertyPath: _text
      value: 
      objectReference: {fileID: 7522640530225335359}
    - target: {fileID: 4207981900396184399, guid: 6860d0c6275f5044eb7b6447a762d846, type: 3}
      propertyPath: _thisTower
      value: 
      objectReference: {fileID: 1742211212971797982}
    - target: {fileID: 4207981900396184399, guid: 6860d0c6275f5044eb7b6447a762d846, type: 3}
      propertyPath: _nameTowers
      value: 2
      objectReference: {fileID: 0}
    - target: {fileID: 4207981900396184399, guid: 6860d0c6275f5044eb7b6447a762d846, type: 3}
      propertyPath: _crystalBank
      value: 
      objectReference: {fileID: 11400000, guid: abd3b2493ce4e4f43bdb4d77a69f4b01, type: 2}
    - target: {fileID: 4207981900396184399, guid: 6860d0c6275f5044eb7b6447a762d846, type: 3}
      propertyPath: _towerCanvas
      value: 
      objectReference: {fileID: 5708449976130573287}
    - target: {fileID: 4207981900396184399, guid: 6860d0c6275f5044eb7b6447a762d846, type: 3}
      propertyPath: _helpUpgrateManeger
      value: 
      objectReference: {fileID: 1790946923346318459, guid: 20a163a9c23740d4c8fed8a6ee793856, type: 3}
    - target: {fileID: 4207981900396184399, guid: 6860d0c6275f5044eb7b6447a762d846, type: 3}
      propertyPath: _saleUpgrateManeger
      value: 
      objectReference: {fileID: 4572574204532025171, guid: 58b12717c8435274c9bd7bb333f80550, type: 3}
    - target: {fileID: 5973292101040379707, guid: 6860d0c6275f5044eb7b6447a762d846, type: 3}
      propertyPath: _range
      value: 4.89
      objectReference: {fileID: 0}
    - target: {fileID: 5973292101040379707, guid: 6860d0c6275f5044eb7b6447a762d846, type: 3}
      propertyPath: _MainDoolo
      value: 
      objectReference: {fileID: 7280380910127101267}
    - target: {fileID: 5973292101040379707, guid: 6860d0c6275f5044eb7b6447a762d846, type: 3}
      propertyPath: _partToRotate
      value: 
      objectReference: {fileID: 7655800683149657364}
    m_RemovedComponents: []
  m_SourcePrefab: {fileID: 100100000, guid: 6860d0c6275f5044eb7b6447a762d846, type: 3}
--- !u!4 &5006611465695093973 stripped
Transform:
  m_CorrespondingSourceObject: {fileID: 716061881717102797, guid: 6860d0c6275f5044eb7b6447a762d846, type: 3}
  m_PrefabInstance: {fileID: 5518309113480969240}
  m_PrefabAsset: {fileID: 0}
--- !u!4 &7280380910127101267 stripped
Transform:
  m_CorrespondingSourceObject: {fileID: 2998802772066584907, guid: 6860d0c6275f5044eb7b6447a762d846, type: 3}
  m_PrefabInstance: {fileID: 5518309113480969240}
  m_PrefabAsset: {fileID: 0}
--- !u!4 &7655800683149657364 stripped
Transform:
  m_CorrespondingSourceObject: {fileID: 2786081987759274252, guid: 6860d0c6275f5044eb7b6447a762d846, type: 3}
  m_PrefabInstance: {fileID: 5518309113480969240}
  m_PrefabAsset: {fileID: 0}
--- !u!1 &7420568321941380136 stripped
GameObject:
  m_CorrespondingSourceObject: {fileID: 3057908363078688816, guid: 6860d0c6275f5044eb7b6447a762d846, type: 3}
  m_PrefabInstance: {fileID: 5518309113480969240}
  m_PrefabAsset: {fileID: 0}
--- !u!4 &5209393810700756124 stripped
Transform:
  m_CorrespondingSourceObject: {fileID: 351145493293340804, guid: 6860d0c6275f5044eb7b6447a762d846, type: 3}
  m_PrefabInstance: {fileID: 5518309113480969240}
  m_PrefabAsset: {fileID: 0}
--- !u!114 &3739769890806857895
MonoBehaviour:
  m_ObjectHideFlags: 0
  m_CorrespondingSourceObject: {fileID: 0}
  m_PrefabInstance: {fileID: 0}
  m_PrefabAsset: {fileID: 0}
  m_GameObject: {fileID: 7420568321941380136}
  m_Enabled: 1
  m_EditorHideFlags: 0
  m_Script: {fileID: 11500000, guid: dc1198c891588434990524cc858f897d, type: 3}
  m_Name: 
  m_EditorClassIdentifier: 
  _arsenalBulite: {fileID: 5209393810700756124}
  _bullitetFromAntyFley: {fileID: 11400000, guid: 6e6022f822848274fa55b6dae8abf35a, type: 2}
  _obj: []
--- !u!1001 &6950109350798952969
PrefabInstance:
  m_ObjectHideFlags: 0
  serializedVersion: 2
  m_Modification:
    m_TransformParent: {fileID: 8312085721372549667}
    m_Modifications:
    - target: {fileID: 155372939666234678, guid: 7b48fc4290bb63e428813ab170dccbce, type: 3}
      propertyPath: m_text
      value: 190
      objectReference: {fileID: 0}
    - target: {fileID: 2573868805318284839, guid: 7b48fc4290bb63e428813ab170dccbce, type: 3}
      propertyPath: m_Pivot.x
      value: 0
      objectReference: {fileID: 0}
    - target: {fileID: 2573868805318284839, guid: 7b48fc4290bb63e428813ab170dccbce, type: 3}
      propertyPath: m_Pivot.y
      value: 0
      objectReference: {fileID: 0}
    - target: {fileID: 2573868805318284839, guid: 7b48fc4290bb63e428813ab170dccbce, type: 3}
      propertyPath: m_RootOrder
      value: 2
      objectReference: {fileID: 0}
    - target: {fileID: 2573868805318284839, guid: 7b48fc4290bb63e428813ab170dccbce, type: 3}
      propertyPath: m_AnchorMax.x
      value: 0
      objectReference: {fileID: 0}
    - target: {fileID: 2573868805318284839, guid: 7b48fc4290bb63e428813ab170dccbce, type: 3}
      propertyPath: m_AnchorMax.y
      value: 0
      objectReference: {fileID: 0}
    - target: {fileID: 2573868805318284839, guid: 7b48fc4290bb63e428813ab170dccbce, type: 3}
      propertyPath: m_AnchorMin.x
      value: 0
      objectReference: {fileID: 0}
    - target: {fileID: 2573868805318284839, guid: 7b48fc4290bb63e428813ab170dccbce, type: 3}
      propertyPath: m_AnchorMin.y
      value: 0
      objectReference: {fileID: 0}
    - target: {fileID: 2573868805318284839, guid: 7b48fc4290bb63e428813ab170dccbce, type: 3}
      propertyPath: m_SizeDelta.x
      value: 0
      objectReference: {fileID: 0}
    - target: {fileID: 2573868805318284839, guid: 7b48fc4290bb63e428813ab170dccbce, type: 3}
      propertyPath: m_SizeDelta.y
      value: 0
      objectReference: {fileID: 0}
    - target: {fileID: 2573868805318284839, guid: 7b48fc4290bb63e428813ab170dccbce, type: 3}
      propertyPath: m_LocalPosition.x
      value: 0
      objectReference: {fileID: 0}
    - target: {fileID: 2573868805318284839, guid: 7b48fc4290bb63e428813ab170dccbce, type: 3}
      propertyPath: m_LocalPosition.y
      value: 0
      objectReference: {fileID: 0}
    - target: {fileID: 2573868805318284839, guid: 7b48fc4290bb63e428813ab170dccbce, type: 3}
      propertyPath: m_LocalPosition.z
      value: 0
      objectReference: {fileID: 0}
    - target: {fileID: 2573868805318284839, guid: 7b48fc4290bb63e428813ab170dccbce, type: 3}
      propertyPath: m_LocalRotation.w
      value: 1
      objectReference: {fileID: 0}
    - target: {fileID: 2573868805318284839, guid: 7b48fc4290bb63e428813ab170dccbce, type: 3}
      propertyPath: m_LocalRotation.x
      value: 0
      objectReference: {fileID: 0}
    - target: {fileID: 2573868805318284839, guid: 7b48fc4290bb63e428813ab170dccbce, type: 3}
      propertyPath: m_LocalRotation.y
      value: 0
      objectReference: {fileID: 0}
    - target: {fileID: 2573868805318284839, guid: 7b48fc4290bb63e428813ab170dccbce, type: 3}
      propertyPath: m_LocalRotation.z
      value: 0
      objectReference: {fileID: 0}
    - target: {fileID: 2573868805318284839, guid: 7b48fc4290bb63e428813ab170dccbce, type: 3}
      propertyPath: m_AnchoredPosition.x
      value: 0
      objectReference: {fileID: 0}
    - target: {fileID: 2573868805318284839, guid: 7b48fc4290bb63e428813ab170dccbce, type: 3}
      propertyPath: m_AnchoredPosition.y
      value: 0
      objectReference: {fileID: 0}
    - target: {fileID: 2573868805318284839, guid: 7b48fc4290bb63e428813ab170dccbce, type: 3}
      propertyPath: m_LocalEulerAnglesHint.x
      value: 0
      objectReference: {fileID: 0}
    - target: {fileID: 2573868805318284839, guid: 7b48fc4290bb63e428813ab170dccbce, type: 3}
      propertyPath: m_LocalEulerAnglesHint.y
      value: 0
      objectReference: {fileID: 0}
    - target: {fileID: 2573868805318284839, guid: 7b48fc4290bb63e428813ab170dccbce, type: 3}
      propertyPath: m_LocalEulerAnglesHint.z
      value: 0
      objectReference: {fileID: 0}
    - target: {fileID: 5225271490298577604, guid: 7b48fc4290bb63e428813ab170dccbce, type: 3}
      propertyPath: m_text
      value: 150
      objectReference: {fileID: 0}
    - target: {fileID: 7370941934053504016, guid: 7b48fc4290bb63e428813ab170dccbce, type: 3}
      propertyPath: m_Name
      value: Canvas_Choise (1)
      objectReference: {fileID: 0}
    - target: {fileID: 7370941934053504016, guid: 7b48fc4290bb63e428813ab170dccbce, type: 3}
      propertyPath: m_IsActive
      value: 0
      objectReference: {fileID: 0}
    - target: {fileID: 8675528396742196609, guid: 7b48fc4290bb63e428813ab170dccbce, type: 3}
      propertyPath: m_OnClick.m_PersistentCalls.m_Calls.Array.data[0].m_Target
      value: 
      objectReference: {fileID: 6356267609866753118}
    - target: {fileID: 8675528396742196609, guid: 7b48fc4290bb63e428813ab170dccbce, type: 3}
      propertyPath: m_OnClick.m_PersistentCalls.m_Calls.Array.data[0].m_MethodName
      value: ClouseChoise
      objectReference: {fileID: 0}
    m_RemovedComponents: []
  m_SourcePrefab: {fileID: 100100000, guid: 7b48fc4290bb63e428813ab170dccbce, type: 3}
--- !u!1 &448502901744352793 stripped
GameObject:
  m_CorrespondingSourceObject: {fileID: 7370941934053504016, guid: 7b48fc4290bb63e428813ab170dccbce, type: 3}
  m_PrefabInstance: {fileID: 6950109350798952969}
  m_PrefabAsset: {fileID: 0}
--- !u!224 &4885147389373619246 stripped
RectTransform:
  m_CorrespondingSourceObject: {fileID: 2573868805318284839, guid: 7b48fc4290bb63e428813ab170dccbce, type: 3}
  m_PrefabInstance: {fileID: 6950109350798952969}
  m_PrefabAsset: {fileID: 0}
--- !u!223 &5708449976130573287 stripped
Canvas:
  m_CorrespondingSourceObject: {fileID: 3408031551209314798, guid: 7b48fc4290bb63e428813ab170dccbce, type: 3}
  m_PrefabInstance: {fileID: 6950109350798952969}
  m_PrefabAsset: {fileID: 0}
--- !u!114 &1366163934905774078 stripped
MonoBehaviour:
  m_CorrespondingSourceObject: {fileID: 8252328987565237751, guid: 7b48fc4290bb63e428813ab170dccbce, type: 3}
  m_PrefabInstance: {fileID: 6950109350798952969}
  m_PrefabAsset: {fileID: 0}
  m_GameObject: {fileID: 0}
  m_Enabled: 1
  m_EditorHideFlags: 0
  m_Script: {fileID: 11500000, guid: 4e29b1a8efbd4b44bb3f3716e73f07ff, type: 3}
  m_Name: 
  m_EditorClassIdentifier: 
--- !u!114 &7085360114877437759 stripped
MonoBehaviour:
  m_CorrespondingSourceObject: {fileID: 155372939666234678, guid: 7b48fc4290bb63e428813ab170dccbce, type: 3}
  m_PrefabInstance: {fileID: 6950109350798952969}
  m_PrefabAsset: {fileID: 0}
  m_GameObject: {fileID: 0}
  m_Enabled: 1
  m_EditorHideFlags: 0
  m_Script: {fileID: 11500000, guid: f4688fdb7df04437aeb418b961361dc5, type: 3}
  m_Name: 
  m_EditorClassIdentifier: 
--- !u!114 &2838769099684179935
MonoBehaviour:
  m_ObjectHideFlags: 0
  m_CorrespondingSourceObject: {fileID: 0}
  m_PrefabInstance: {fileID: 0}
  m_PrefabAsset: {fileID: 0}
  m_GameObject: {fileID: 448502901744352793}
  m_Enabled: 1
  m_EditorHideFlags: 0
  m_Script: {fileID: 11500000, guid: e3f94afcc37c6e044b897703f8bb2ed9, type: 3}
  m_Name: 
  m_EditorClassIdentifier: 
  _crystalBank: {fileID: 11400000, guid: abd3b2493ce4e4f43bdb4d77a69f4b01, type: 2}
  _textUpgrate: {fileID: 7085360114877437759}
  _buttonUpgrate: {fileID: 1366163934905774078}
  _nameTowers: 2
  _level: 0
