%YAML 1.1
%TAG !u! tag:unity3d.com,2011:
--- !u!1 &3275857978571211890
GameObject:
  m_ObjectHideFlags: 0
  m_CorrespondingSourceObject: {fileID: 0}
  m_PrefabInstance: {fileID: 0}
  m_PrefabAsset: {fileID: 0}
  serializedVersion: 6
  m_Component:
  - component: {fileID: 7369134151341550810}
  m_Layer: 0
  m_Name: Mashine_Level_Two
  m_TagString: Untagged
  m_Icon: {fileID: 0}
  m_NavMeshLayer: 0
  m_StaticEditorFlags: 0
  m_IsActive: 1
--- !u!4 &7369134151341550810
Transform:
  m_ObjectHideFlags: 0
  m_CorrespondingSourceObject: {fileID: 0}
  m_PrefabInstance: {fileID: 0}
  m_PrefabAsset: {fileID: 0}
  m_GameObject: {fileID: 3275857978571211890}
  m_LocalRotation: {x: 0, y: 0, z: 0, w: 1}
  m_LocalPosition: {x: -1.41, y: -0.259, z: -38.45}
  m_LocalScale: {x: 1, y: 1, z: 1}
  m_Children:
  - {fileID: 6467403994077666321}
  - {fileID: 6471802477956049366}
  - {fileID: 9133272161211708682}
  - {fileID: 8235494754632220424}
  m_Father: {fileID: 0}
  m_RootOrder: 0
  m_LocalEulerAnglesHint: {x: 0, y: 0, z: 0}
--- !u!1001 &853662510557013842
PrefabInstance:
  m_ObjectHideFlags: 0
  serializedVersion: 2
  m_Modification:
    m_TransformParent: {fileID: 7369134151341550810}
    m_Modifications:
    - target: {fileID: 1287993512834789212, guid: b6377e6d1bd38cf4e8d6127b5698524f, type: 3}
      propertyPath: _range
      value: 9
      objectReference: {fileID: 0}
    - target: {fileID: 1287993512834789212, guid: b6377e6d1bd38cf4e8d6127b5698524f, type: 3}
      propertyPath: _spawn
      value: 
      objectReference: {fileID: 1613250998161936619}
    - target: {fileID: 1287993512834789212, guid: b6377e6d1bd38cf4e8d6127b5698524f, type: 3}
      propertyPath: _puhOne
      value: 
      objectReference: {fileID: 3900768040755926081}
    - target: {fileID: 1287993512834789212, guid: b6377e6d1bd38cf4e8d6127b5698524f, type: 3}
      propertyPath: _puhTwo
      value: 
      objectReference: {fileID: 3900768040755926081}
    - target: {fileID: 1287993512834789212, guid: b6377e6d1bd38cf4e8d6127b5698524f, type: 3}
      propertyPath: _bullite
      value: 
      objectReference: {fileID: 566773304885078341, guid: 2f87c03aa6c56b14faf006947abad269, type: 3}
    - target: {fileID: 1287993512834789212, guid: b6377e6d1bd38cf4e8d6127b5698524f, type: 3}
      propertyPath: _puhFore
      value: 
      objectReference: {fileID: 3900768040755926081}
    - target: {fileID: 1287993512834789212, guid: b6377e6d1bd38cf4e8d6127b5698524f, type: 3}
      propertyPath: _puhThree
      value: 
      objectReference: {fileID: 3900768040755926081}
    - target: {fileID: 1287993512834789212, guid: b6377e6d1bd38cf4e8d6127b5698524f, type: 3}
      propertyPath: _oblastSpawn
      value: 
      objectReference: {fileID: 1467229847804927694}
    - target: {fileID: 1287993512834789212, guid: b6377e6d1bd38cf4e8d6127b5698524f, type: 3}
      propertyPath: _partToRotate
      value: 
      objectReference: {fileID: 6467403994182756280}
    - target: {fileID: 1385636450978826836, guid: b6377e6d1bd38cf4e8d6127b5698524f, type: 3}
      propertyPath: _text
      value: 
      objectReference: {fileID: 2038739690871771009}
    - target: {fileID: 1385636450978826836, guid: b6377e6d1bd38cf4e8d6127b5698524f, type: 3}
      propertyPath: _level
      value: 1
      objectReference: {fileID: 0}
    - target: {fileID: 1385636450978826836, guid: b6377e6d1bd38cf4e8d6127b5698524f, type: 3}
      propertyPath: _textSale
      value: 
      objectReference: {fileID: 1550428034407948777}
    - target: {fileID: 1385636450978826836, guid: b6377e6d1bd38cf4e8d6127b5698524f, type: 3}
      propertyPath: _thisTower
      value: 
      objectReference: {fileID: 3275857978571211890}
    - target: {fileID: 1385636450978826836, guid: b6377e6d1bd38cf4e8d6127b5698524f, type: 3}
      propertyPath: _crystalBank
      value: 
      objectReference: {fileID: 11400000, guid: abd3b2493ce4e4f43bdb4d77a69f4b01, type: 2}
    - target: {fileID: 1385636450978826836, guid: b6377e6d1bd38cf4e8d6127b5698524f, type: 3}
      propertyPath: _levelTowers
      value: 1
      objectReference: {fileID: 0}
    - target: {fileID: 1385636450978826836, guid: b6377e6d1bd38cf4e8d6127b5698524f, type: 3}
      propertyPath: _textUpgrate
      value: 
      objectReference: {fileID: 6854514319305735707}
    - target: {fileID: 1385636450978826836, guid: b6377e6d1bd38cf4e8d6127b5698524f, type: 3}
      propertyPath: _towerCanvas
      value: 
      objectReference: {fileID: 8235988651112135363}
    - target: {fileID: 1385636450978826836, guid: b6377e6d1bd38cf4e8d6127b5698524f, type: 3}
      propertyPath: _saleUpgrateManeger
      value: 
      objectReference: {fileID: 4572574204532025171, guid: 58b12717c8435274c9bd7bb333f80550, type: 3}
    - target: {fileID: 4275329039192796530, guid: b6377e6d1bd38cf4e8d6127b5698524f, type: 3}
      propertyPath: _range
      value: 9
      objectReference: {fileID: 0}
    - target: {fileID: 4275329039192796530, guid: b6377e6d1bd38cf4e8d6127b5698524f, type: 3}
      propertyPath: _spawn
      value: 
      objectReference: {fileID: 1613250998161936619}
    - target: {fileID: 4275329039192796530, guid: b6377e6d1bd38cf4e8d6127b5698524f, type: 3}
      propertyPath: _puhOne
      value: 
      objectReference: {fileID: 3900768040755926081}
    - target: {fileID: 4275329039192796530, guid: b6377e6d1bd38cf4e8d6127b5698524f, type: 3}
      propertyPath: _puhTwo
      value: 
      objectReference: {fileID: 3900768040755926081}
    - target: {fileID: 4275329039192796530, guid: b6377e6d1bd38cf4e8d6127b5698524f, type: 3}
      propertyPath: _bullite
      value: 
      objectReference: {fileID: 566773304885078341, guid: 2f87c03aa6c56b14faf006947abad269, type: 3}
    - target: {fileID: 4275329039192796530, guid: b6377e6d1bd38cf4e8d6127b5698524f, type: 3}
      propertyPath: _puhFore
      value: 
      objectReference: {fileID: 3900768040755926081}
    - target: {fileID: 4275329039192796530, guid: b6377e6d1bd38cf4e8d6127b5698524f, type: 3}
      propertyPath: _fireRate
      value: 0.8
      objectReference: {fileID: 0}
    - target: {fileID: 4275329039192796530, guid: b6377e6d1bd38cf4e8d6127b5698524f, type: 3}
      propertyPath: _puhThree
      value: 
      objectReference: {fileID: 3900768040755926081}
    - target: {fileID: 4275329039192796530, guid: b6377e6d1bd38cf4e8d6127b5698524f, type: 3}
      propertyPath: _oblastSpawn
      value: 
      objectReference: {fileID: 1467229847804927694}
    - target: {fileID: 4275329039192796530, guid: b6377e6d1bd38cf4e8d6127b5698524f, type: 3}
      propertyPath: _partToRotate
      value: 
      objectReference: {fileID: 7353185389753761946}
    - target: {fileID: 5915482703400273633, guid: b6377e6d1bd38cf4e8d6127b5698524f, type: 3}
      propertyPath: m_IsActive
      value: 0
      objectReference: {fileID: 0}
    - target: {fileID: 5915482703987260227, guid: b6377e6d1bd38cf4e8d6127b5698524f, type: 3}
      propertyPath: m_RootOrder
      value: 0
      objectReference: {fileID: 0}
    - target: {fileID: 5915482703987260227, guid: b6377e6d1bd38cf4e8d6127b5698524f, type: 3}
      propertyPath: m_LocalPosition.x
      value: 0
      objectReference: {fileID: 0}
    - target: {fileID: 5915482703987260227, guid: b6377e6d1bd38cf4e8d6127b5698524f, type: 3}
      propertyPath: m_LocalPosition.y
      value: 0
      objectReference: {fileID: 0}
    - target: {fileID: 5915482703987260227, guid: b6377e6d1bd38cf4e8d6127b5698524f, type: 3}
      propertyPath: m_LocalPosition.z
      value: 0
      objectReference: {fileID: 0}
    - target: {fileID: 5915482703987260227, guid: b6377e6d1bd38cf4e8d6127b5698524f, type: 3}
      propertyPath: m_LocalRotation.w
      value: 1
      objectReference: {fileID: 0}
    - target: {fileID: 5915482703987260227, guid: b6377e6d1bd38cf4e8d6127b5698524f, type: 3}
      propertyPath: m_LocalRotation.x
      value: -0
      objectReference: {fileID: 0}
    - target: {fileID: 5915482703987260227, guid: b6377e6d1bd38cf4e8d6127b5698524f, type: 3}
      propertyPath: m_LocalRotation.y
      value: -0
      objectReference: {fileID: 0}
    - target: {fileID: 5915482703987260227, guid: b6377e6d1bd38cf4e8d6127b5698524f, type: 3}
      propertyPath: m_LocalRotation.z
      value: -0
      objectReference: {fileID: 0}
    - target: {fileID: 5915482703987260227, guid: b6377e6d1bd38cf4e8d6127b5698524f, type: 3}
      propertyPath: m_LocalEulerAnglesHint.x
      value: 0
      objectReference: {fileID: 0}
    - target: {fileID: 5915482703987260227, guid: b6377e6d1bd38cf4e8d6127b5698524f, type: 3}
      propertyPath: m_LocalEulerAnglesHint.y
      value: 0
      objectReference: {fileID: 0}
    - target: {fileID: 5915482703987260227, guid: b6377e6d1bd38cf4e8d6127b5698524f, type: 3}
      propertyPath: m_LocalEulerAnglesHint.z
      value: 0
      objectReference: {fileID: 0}
    - target: {fileID: 5915482703987260231, guid: b6377e6d1bd38cf4e8d6127b5698524f, type: 3}
      propertyPath: m_Name
      value: Mashine_Level_Two
      objectReference: {fileID: 0}
    - target: {fileID: 8111884569150831142, guid: b6377e6d1bd38cf4e8d6127b5698524f, type: 3}
      propertyPath: _text
      value: 
      objectReference: {fileID: 2038739690871771009}
    - target: {fileID: 8111884569150831142, guid: b6377e6d1bd38cf4e8d6127b5698524f, type: 3}
      propertyPath: _thisTower
      value: 
      objectReference: {fileID: 3275857978571211890}
    - target: {fileID: 8111884569150831142, guid: b6377e6d1bd38cf4e8d6127b5698524f, type: 3}
      propertyPath: _crystalBank
      value: 
      objectReference: {fileID: 11400000, guid: abd3b2493ce4e4f43bdb4d77a69f4b01, type: 2}
    - target: {fileID: 8111884569150831142, guid: b6377e6d1bd38cf4e8d6127b5698524f, type: 3}
      propertyPath: _towerCanvas
      value: 
      objectReference: {fileID: 8235988651112135363}
    - target: {fileID: 8111884569150831142, guid: b6377e6d1bd38cf4e8d6127b5698524f, type: 3}
      propertyPath: _saleUpgrateManeger
      value: 
      objectReference: {fileID: 4572574204532025171, guid: 58b12717c8435274c9bd7bb333f80550, type: 3}
    - target: {fileID: 8863959732873690002, guid: b6377e6d1bd38cf4e8d6127b5698524f, type: 3}
      propertyPath: m_LocalPosition.x
      value: -1.832
      objectReference: {fileID: 0}
    - target: {fileID: 8863959732873690002, guid: b6377e6d1bd38cf4e8d6127b5698524f, type: 3}
      propertyPath: m_LocalPosition.z
      value: 0.031
      objectReference: {fileID: 0}
    m_RemovedComponents:
    - {fileID: 5915482703987260230, guid: b6377e6d1bd38cf4e8d6127b5698524f, type: 3}
  m_SourcePrefab: {fileID: 100100000, guid: b6377e6d1bd38cf4e8d6127b5698524f, type: 3}
--- !u!4 &6467403994077666321 stripped
Transform:
  m_CorrespondingSourceObject: {fileID: 5915482703987260227, guid: b6377e6d1bd38cf4e8d6127b5698524f, type: 3}
  m_PrefabInstance: {fileID: 853662510557013842}
  m_PrefabAsset: {fileID: 0}
--- !u!1 &6467403994182756281 stripped
GameObject:
  m_CorrespondingSourceObject: {fileID: 5915482703882682603, guid: b6377e6d1bd38cf4e8d6127b5698524f, type: 3}
  m_PrefabInstance: {fileID: 853662510557013842}
  m_PrefabAsset: {fileID: 0}
--- !u!4 &6467403994182756280 stripped
Transform:
  m_CorrespondingSourceObject: {fileID: 5915482703882682602, guid: b6377e6d1bd38cf4e8d6127b5698524f, type: 3}
  m_PrefabInstance: {fileID: 853662510557013842}
  m_PrefabAsset: {fileID: 0}
--- !u!198 &3900768040755926081 stripped
ParticleSystem:
  m_CorrespondingSourceObject: {fileID: 4466056091614425875, guid: b6377e6d1bd38cf4e8d6127b5698524f, type: 3}
  m_PrefabInstance: {fileID: 853662510557013842}
  m_PrefabAsset: {fileID: 0}
--- !u!198 &3791074570679023972 stripped
ParticleSystem:
  m_CorrespondingSourceObject: {fileID: 4558851992113864246, guid: b6377e6d1bd38cf4e8d6127b5698524f, type: 3}
  m_PrefabInstance: {fileID: 853662510557013842}
  m_PrefabAsset: {fileID: 0}
--- !u!1 &365259516564284698 stripped
GameObject:
  m_CorrespondingSourceObject: {fileID: 1065514864014033480, guid: b6377e6d1bd38cf4e8d6127b5698524f, type: 3}
  m_PrefabInstance: {fileID: 853662510557013842}
  m_PrefabAsset: {fileID: 0}
--- !u!4 &7353185389753761946 stripped
Transform:
  m_CorrespondingSourceObject: {fileID: 7913689452785706952, guid: b6377e6d1bd38cf4e8d6127b5698524f, type: 3}
  m_PrefabInstance: {fileID: 853662510557013842}
  m_PrefabAsset: {fileID: 0}
--- !u!4 &1467229847804927694 stripped
Transform:
  m_CorrespondingSourceObject: {fileID: 2271067939213080988, guid: b6377e6d1bd38cf4e8d6127b5698524f, type: 3}
  m_PrefabInstance: {fileID: 853662510557013842}
  m_PrefabAsset: {fileID: 0}
--- !u!114 &1613250998161936619 stripped
MonoBehaviour:
  m_CorrespondingSourceObject: {fileID: 2142511362435004345, guid: b6377e6d1bd38cf4e8d6127b5698524f, type: 3}
  m_PrefabInstance: {fileID: 853662510557013842}
  m_PrefabAsset: {fileID: 0}
  m_GameObject: {fileID: 0}
  m_Enabled: 1
  m_EditorHideFlags: 0
  m_Script: {fileID: 11500000, guid: 13c36a03e0d2ef1419d4f95d6f603b05, type: 3}
  m_Name: 
  m_EditorClassIdentifier: 
--- !u!4 &2621983401552261867 stripped
Transform:
  m_CorrespondingSourceObject: {fileID: 3439617089041569209, guid: b6377e6d1bd38cf4e8d6127b5698524f, type: 3}
  m_PrefabInstance: {fileID: 853662510557013842}
  m_PrefabAsset: {fileID: 0}
--- !u!114 &9219657146559698354 stripped
MonoBehaviour:
  m_CorrespondingSourceObject: {fileID: 8370534556297900768, guid: b6377e6d1bd38cf4e8d6127b5698524f, type: 3}
  m_PrefabInstance: {fileID: 853662510557013842}
  m_PrefabAsset: {fileID: 0}
  m_GameObject: {fileID: 0}
  m_Enabled: 1
  m_EditorHideFlags: 0
  m_Script: {fileID: 11500000, guid: 13c36a03e0d2ef1419d4f95d6f603b05, type: 3}
  m_Name: 
  m_EditorClassIdentifier: 
--- !u!114 &743786956978203426
MonoBehaviour:
  m_ObjectHideFlags: 0
  m_CorrespondingSourceObject: {fileID: 0}
  m_PrefabInstance: {fileID: 0}
  m_PrefabAsset: {fileID: 0}
  m_GameObject: {fileID: 365259516564284698}
  m_Enabled: 1
  m_EditorHideFlags: 0
  m_Script: {fileID: 11500000, guid: 2c782a66ba71a874ebca1fd283d501b7, type: 3}
  m_Name: 
  m_EditorClassIdentifier: 
  _textSale: {fileID: 1550428034407948777}
  _textUpgrate: {fileID: 6854514319305735707}
  _saleUpgrateManeger: {fileID: 4572574204532025171, guid: 58b12717c8435274c9bd7bb333f80550, type: 3}
--- !u!114 &4105473547149532033
MonoBehaviour:
  m_ObjectHideFlags: 0
  m_CorrespondingSourceObject: {fileID: 0}
  m_PrefabInstance: {fileID: 0}
  m_PrefabAsset: {fileID: 0}
  m_GameObject: {fileID: 365259516564284698}
  m_Enabled: 1
  m_EditorHideFlags: 0
  m_Script: {fileID: 11500000, guid: 90dd2d0b3f27d674b9c5216350f63b0e, type: 3}
  m_Name: 
  m_EditorClassIdentifier: 
  _puhOne: {fileID: 3791074570679023972}
  _puhTwo: {fileID: 3791074570679023972}
  _puhThree: {fileID: 3791074570679023972}
  _puhFore: {fileID: 3791074570679023972}
  _range: 9
  _fireRate: 0.8
  _fireCountdown: 0
  _enemyTag: Enomy
  _partToRotate: {fileID: 7353185389753761946}
  _turnSpeed: 10
  _bullite: {fileID: 566773304885078341, guid: 2f87c03aa6c56b14faf006947abad269, type: 3}
  _spawn: {fileID: 9219657146559698354}
  _oblastSpawn: {fileID: 2621983401552261867}
--- !u!114 &9034595574886546800
MonoBehaviour:
  m_ObjectHideFlags: 0
  m_CorrespondingSourceObject: {fileID: 0}
  m_PrefabInstance: {fileID: 0}
  m_PrefabAsset: {fileID: 0}
  m_GameObject: {fileID: 6467403994182756281}
  m_Enabled: 1
  m_EditorHideFlags: 0
  m_Script: {fileID: 11500000, guid: 90dd2d0b3f27d674b9c5216350f63b0e, type: 3}
  m_Name: 
  m_EditorClassIdentifier: 
  _puhOne: {fileID: 3791074570679023972}
  _puhTwo: {fileID: 3791074570679023972}
  _puhThree: {fileID: 3791074570679023972}
  _puhFore: {fileID: 3791074570679023972}
  _range: 9
  _fireRate: 1
  _fireCountdown: 0
  _enemyTag: Enomy
  _partToRotate: {fileID: 6467403994182756280}
  _turnSpeed: 10
  _bullite: {fileID: 566773304885078341, guid: 2f87c03aa6c56b14faf006947abad269, type: 3}
  _spawn: {fileID: 9219657146559698354}
  _oblastSpawn: {fileID: 2621983401552261867}
--- !u!1001 &4286051742001013928
PrefabInstance:
  m_ObjectHideFlags: 0
  serializedVersion: 2
  m_Modification:
    m_TransformParent: {fileID: 7369134151341550810}
    m_Modifications:
    - target: {fileID: 2661287607218259414, guid: bb294371ff8ee6d4aa65d82d10a85bf1, type: 3}
      propertyPath: m_Name
      value: Clike_Off_Canvas_Choise
      objectReference: {fileID: 0}
    - target: {fileID: 5274075259439946656, guid: bb294371ff8ee6d4aa65d82d10a85bf1, type: 3}
      propertyPath: m_RootOrder
      value: 3
      objectReference: {fileID: 0}
    - target: {fileID: 5274075259439946656, guid: bb294371ff8ee6d4aa65d82d10a85bf1, type: 3}
      propertyPath: m_LocalScale.x
      value: 1
      objectReference: {fileID: 0}
    - target: {fileID: 5274075259439946656, guid: bb294371ff8ee6d4aa65d82d10a85bf1, type: 3}
      propertyPath: m_LocalScale.z
      value: 1
      objectReference: {fileID: 0}
    - target: {fileID: 5274075259439946656, guid: bb294371ff8ee6d4aa65d82d10a85bf1, type: 3}
      propertyPath: m_LocalPosition.x
      value: -0.008999822
      objectReference: {fileID: 0}
    - target: {fileID: 5274075259439946656, guid: bb294371ff8ee6d4aa65d82d10a85bf1, type: 3}
      propertyPath: m_LocalPosition.y
      value: 0.6214001
      objectReference: {fileID: 0}
    - target: {fileID: 5274075259439946656, guid: bb294371ff8ee6d4aa65d82d10a85bf1, type: 3}
      propertyPath: m_LocalPosition.z
      value: 0.032999996
      objectReference: {fileID: 0}
    - target: {fileID: 5274075259439946656, guid: bb294371ff8ee6d4aa65d82d10a85bf1, type: 3}
      propertyPath: m_LocalRotation.w
      value: -0.7071068
      objectReference: {fileID: 0}
    - target: {fileID: 5274075259439946656, guid: bb294371ff8ee6d4aa65d82d10a85bf1, type: 3}
      propertyPath: m_LocalRotation.x
      value: -0
      objectReference: {fileID: 0}
    - target: {fileID: 5274075259439946656, guid: bb294371ff8ee6d4aa65d82d10a85bf1, type: 3}
      propertyPath: m_LocalRotation.y
      value: -0.7071068
      objectReference: {fileID: 0}
    - target: {fileID: 5274075259439946656, guid: bb294371ff8ee6d4aa65d82d10a85bf1, type: 3}
      propertyPath: m_LocalRotation.z
      value: -0
      objectReference: {fileID: 0}
    - target: {fileID: 5274075259439946656, guid: bb294371ff8ee6d4aa65d82d10a85bf1, type: 3}
      propertyPath: m_LocalEulerAnglesHint.x
      value: 0
      objectReference: {fileID: 0}
    - target: {fileID: 5274075259439946656, guid: bb294371ff8ee6d4aa65d82d10a85bf1, type: 3}
      propertyPath: m_LocalEulerAnglesHint.y
      value: 0
      objectReference: {fileID: 0}
    - target: {fileID: 5274075259439946656, guid: bb294371ff8ee6d4aa65d82d10a85bf1, type: 3}
      propertyPath: m_LocalEulerAnglesHint.z
      value: 0
      objectReference: {fileID: 0}
    - target: {fileID: 5619232600377498682, guid: bb294371ff8ee6d4aa65d82d10a85bf1, type: 3}
      propertyPath: _towerCanvas
      value: 
      objectReference: {fileID: 8235988651112135363}
    m_RemovedComponents: []
  m_SourcePrefab: {fileID: 100100000, guid: bb294371ff8ee6d4aa65d82d10a85bf1, type: 3}
--- !u!4 &8235494754632220424 stripped
Transform:
  m_CorrespondingSourceObject: {fileID: 5274075259439946656, guid: bb294371ff8ee6d4aa65d82d10a85bf1, type: 3}
  m_PrefabInstance: {fileID: 4286051742001013928}
  m_PrefabAsset: {fileID: 0}
--- !u!114 &8538995450892630162 stripped
MonoBehaviour:
  m_CorrespondingSourceObject: {fileID: 5619232600377498682, guid: bb294371ff8ee6d4aa65d82d10a85bf1, type: 3}
  m_PrefabInstance: {fileID: 4286051742001013928}
  m_PrefabAsset: {fileID: 0}
  m_GameObject: {fileID: 0}
  m_Enabled: 1
  m_EditorHideFlags: 0
  m_Script: {fileID: 11500000, guid: dc872d13c17b36840b7d06fe99777f94, type: 3}
  m_Name: 
  m_EditorClassIdentifier: 
--- !u!1001 &5758953998533662743
PrefabInstance:
  m_ObjectHideFlags: 0
  serializedVersion: 2
  m_Modification:
    m_TransformParent: {fileID: 7369134151341550810}
    m_Modifications:
    - target: {fileID: 1602045851616293313, guid: a76a26fbe82fa4d42986532312f2a00a, type: 3}
      propertyPath: m_Pivot.x
      value: 0.5
      objectReference: {fileID: 0}
    - target: {fileID: 1602045851616293313, guid: a76a26fbe82fa4d42986532312f2a00a, type: 3}
      propertyPath: m_Pivot.y
      value: 0.5
      objectReference: {fileID: 0}
    - target: {fileID: 1602045851616293313, guid: a76a26fbe82fa4d42986532312f2a00a, type: 3}
      propertyPath: m_RootOrder
      value: 1
      objectReference: {fileID: 0}
    - target: {fileID: 1602045851616293313, guid: a76a26fbe82fa4d42986532312f2a00a, type: 3}
      propertyPath: m_AnchorMax.x
      value: 0
      objectReference: {fileID: 0}
    - target: {fileID: 1602045851616293313, guid: a76a26fbe82fa4d42986532312f2a00a, type: 3}
      propertyPath: m_AnchorMax.y
      value: 0
      objectReference: {fileID: 0}
    - target: {fileID: 1602045851616293313, guid: a76a26fbe82fa4d42986532312f2a00a, type: 3}
      propertyPath: m_AnchorMin.x
      value: 0
      objectReference: {fileID: 0}
    - target: {fileID: 1602045851616293313, guid: a76a26fbe82fa4d42986532312f2a00a, type: 3}
      propertyPath: m_AnchorMin.y
      value: 0
      objectReference: {fileID: 0}
    - target: {fileID: 1602045851616293313, guid: a76a26fbe82fa4d42986532312f2a00a, type: 3}
      propertyPath: m_SizeDelta.x
      value: 9.9515
      objectReference: {fileID: 0}
    - target: {fileID: 1602045851616293313, guid: a76a26fbe82fa4d42986532312f2a00a, type: 3}
      propertyPath: m_SizeDelta.y
      value: 11.3683
      objectReference: {fileID: 0}
    - target: {fileID: 1602045851616293313, guid: a76a26fbe82fa4d42986532312f2a00a, type: 3}
      propertyPath: m_LocalPosition.x
      value: 0
      objectReference: {fileID: 0}
    - target: {fileID: 1602045851616293313, guid: a76a26fbe82fa4d42986532312f2a00a, type: 3}
      propertyPath: m_LocalPosition.y
      value: 0
      objectReference: {fileID: 0}
    - target: {fileID: 1602045851616293313, guid: a76a26fbe82fa4d42986532312f2a00a, type: 3}
      propertyPath: m_LocalPosition.z
      value: -0.050873756
      objectReference: {fileID: 0}
    - target: {fileID: 1602045851616293313, guid: a76a26fbe82fa4d42986532312f2a00a, type: 3}
      propertyPath: m_LocalRotation.w
      value: 1
      objectReference: {fileID: 0}
    - target: {fileID: 1602045851616293313, guid: a76a26fbe82fa4d42986532312f2a00a, type: 3}
      propertyPath: m_LocalRotation.x
      value: -0
      objectReference: {fileID: 0}
    - target: {fileID: 1602045851616293313, guid: a76a26fbe82fa4d42986532312f2a00a, type: 3}
      propertyPath: m_LocalRotation.y
      value: -0
      objectReference: {fileID: 0}
    - target: {fileID: 1602045851616293313, guid: a76a26fbe82fa4d42986532312f2a00a, type: 3}
      propertyPath: m_LocalRotation.z
      value: -0
      objectReference: {fileID: 0}
    - target: {fileID: 1602045851616293313, guid: a76a26fbe82fa4d42986532312f2a00a, type: 3}
      propertyPath: m_AnchoredPosition.x
      value: 0.10575485
      objectReference: {fileID: 0}
    - target: {fileID: 1602045851616293313, guid: a76a26fbe82fa4d42986532312f2a00a, type: 3}
      propertyPath: m_AnchoredPosition.y
      value: 7
      objectReference: {fileID: 0}
    - target: {fileID: 1602045851616293313, guid: a76a26fbe82fa4d42986532312f2a00a, type: 3}
      propertyPath: m_LocalEulerAnglesHint.x
      value: 0
      objectReference: {fileID: 0}
    - target: {fileID: 1602045851616293313, guid: a76a26fbe82fa4d42986532312f2a00a, type: 3}
      propertyPath: m_LocalEulerAnglesHint.y
      value: 0
      objectReference: {fileID: 0}
    - target: {fileID: 1602045851616293313, guid: a76a26fbe82fa4d42986532312f2a00a, type: 3}
      propertyPath: m_LocalEulerAnglesHint.z
      value: 0
      objectReference: {fileID: 0}
    - target: {fileID: 6026067901537900438, guid: a76a26fbe82fa4d42986532312f2a00a, type: 3}
      propertyPath: m_text
      value: 180
      objectReference: {fileID: 0}
    - target: {fileID: 8020008904236528674, guid: a76a26fbe82fa4d42986532312f2a00a, type: 3}
      propertyPath: m_Name
      value: CanvasFromTower
      objectReference: {fileID: 0}
    - target: {fileID: 8020008904236528674, guid: a76a26fbe82fa4d42986532312f2a00a, type: 3}
      propertyPath: m_IsActive
      value: 0
      objectReference: {fileID: 0}
    m_RemovedComponents: []
  m_SourcePrefab: {fileID: 100100000, guid: a76a26fbe82fa4d42986532312f2a00a, type: 3}
--- !u!224 &6471802477956049366 stripped
RectTransform:
  m_CorrespondingSourceObject: {fileID: 1602045851616293313, guid: a76a26fbe82fa4d42986532312f2a00a, type: 3}
  m_PrefabInstance: {fileID: 5758953998533662743}
  m_PrefabAsset: {fileID: 0}
--- !u!114 &2038739690871771009 stripped
MonoBehaviour:
  m_CorrespondingSourceObject: {fileID: 6026067901537900438, guid: a76a26fbe82fa4d42986532312f2a00a, type: 3}
  m_PrefabInstance: {fileID: 5758953998533662743}
  m_PrefabAsset: {fileID: 0}
  m_GameObject: {fileID: 0}
  m_Enabled: 1
  m_EditorHideFlags: 0
  m_Script: {fileID: 11500000, guid: f4688fdb7df04437aeb418b961361dc5, type: 3}
  m_Name: 
  m_EditorClassIdentifier: 
--- !u!1001 &6703571389582435117
PrefabInstance:
  m_ObjectHideFlags: 0
  serializedVersion: 2
  m_Modification:
    m_TransformParent: {fileID: 7369134151341550810}
    m_Modifications:
    - target: {fileID: 155372939666234678, guid: 7b48fc4290bb63e428813ab170dccbce, type: 3}
      propertyPath: m_text
      value: 180
      objectReference: {fileID: 0}
    - target: {fileID: 629833895128599078, guid: 7b48fc4290bb63e428813ab170dccbce, type: 3}
      propertyPath: m_Sprite
      value: 
      objectReference: {fileID: 21300000, guid: d74f774c401e1724ea572d7c441c7943, type: 3}
    - target: {fileID: 2573868805318284839, guid: 7b48fc4290bb63e428813ab170dccbce, type: 3}
      propertyPath: m_Pivot.x
      value: 0
      objectReference: {fileID: 0}
    - target: {fileID: 2573868805318284839, guid: 7b48fc4290bb63e428813ab170dccbce, type: 3}
      propertyPath: m_Pivot.y
      value: 0
      objectReference: {fileID: 0}
    - target: {fileID: 2573868805318284839, guid: 7b48fc4290bb63e428813ab170dccbce, type: 3}
      propertyPath: m_RootOrder
      value: 2
      objectReference: {fileID: 0}
    - target: {fileID: 2573868805318284839, guid: 7b48fc4290bb63e428813ab170dccbce, type: 3}
      propertyPath: m_AnchorMax.x
      value: 0
      objectReference: {fileID: 0}
    - target: {fileID: 2573868805318284839, guid: 7b48fc4290bb63e428813ab170dccbce, type: 3}
      propertyPath: m_AnchorMax.y
      value: 0
      objectReference: {fileID: 0}
    - target: {fileID: 2573868805318284839, guid: 7b48fc4290bb63e428813ab170dccbce, type: 3}
      propertyPath: m_AnchorMin.x
      value: 0
      objectReference: {fileID: 0}
    - target: {fileID: 2573868805318284839, guid: 7b48fc4290bb63e428813ab170dccbce, type: 3}
      propertyPath: m_AnchorMin.y
      value: 0
      objectReference: {fileID: 0}
    - target: {fileID: 2573868805318284839, guid: 7b48fc4290bb63e428813ab170dccbce, type: 3}
      propertyPath: m_SizeDelta.x
      value: 0
      objectReference: {fileID: 0}
    - target: {fileID: 2573868805318284839, guid: 7b48fc4290bb63e428813ab170dccbce, type: 3}
      propertyPath: m_SizeDelta.y
      value: 0
      objectReference: {fileID: 0}
    - target: {fileID: 2573868805318284839, guid: 7b48fc4290bb63e428813ab170dccbce, type: 3}
      propertyPath: m_LocalPosition.x
      value: 0
      objectReference: {fileID: 0}
    - target: {fileID: 2573868805318284839, guid: 7b48fc4290bb63e428813ab170dccbce, type: 3}
      propertyPath: m_LocalPosition.y
      value: 0
      objectReference: {fileID: 0}
    - target: {fileID: 2573868805318284839, guid: 7b48fc4290bb63e428813ab170dccbce, type: 3}
      propertyPath: m_LocalPosition.z
      value: 0
      objectReference: {fileID: 0}
    - target: {fileID: 2573868805318284839, guid: 7b48fc4290bb63e428813ab170dccbce, type: 3}
      propertyPath: m_LocalRotation.w
      value: 1
      objectReference: {fileID: 0}
    - target: {fileID: 2573868805318284839, guid: 7b48fc4290bb63e428813ab170dccbce, type: 3}
      propertyPath: m_LocalRotation.x
      value: 0
      objectReference: {fileID: 0}
    - target: {fileID: 2573868805318284839, guid: 7b48fc4290bb63e428813ab170dccbce, type: 3}
      propertyPath: m_LocalRotation.y
      value: 0
      objectReference: {fileID: 0}
    - target: {fileID: 2573868805318284839, guid: 7b48fc4290bb63e428813ab170dccbce, type: 3}
      propertyPath: m_LocalRotation.z
      value: 0
      objectReference: {fileID: 0}
    - target: {fileID: 2573868805318284839, guid: 7b48fc4290bb63e428813ab170dccbce, type: 3}
      propertyPath: m_AnchoredPosition.x
      value: 0
      objectReference: {fileID: 0}
    - target: {fileID: 2573868805318284839, guid: 7b48fc4290bb63e428813ab170dccbce, type: 3}
      propertyPath: m_AnchoredPosition.y
      value: 0
      objectReference: {fileID: 0}
    - target: {fileID: 2573868805318284839, guid: 7b48fc4290bb63e428813ab170dccbce, type: 3}
      propertyPath: m_LocalEulerAnglesHint.x
      value: 0
      objectReference: {fileID: 0}
    - target: {fileID: 2573868805318284839, guid: 7b48fc4290bb63e428813ab170dccbce, type: 3}
      propertyPath: m_LocalEulerAnglesHint.y
      value: 0
      objectReference: {fileID: 0}
    - target: {fileID: 2573868805318284839, guid: 7b48fc4290bb63e428813ab170dccbce, type: 3}
      propertyPath: m_LocalEulerAnglesHint.z
      value: 0
      objectReference: {fileID: 0}
    - target: {fileID: 5225271490298577604, guid: 7b48fc4290bb63e428813ab170dccbce, type: 3}
      propertyPath: m_text
      value: 240
      objectReference: {fileID: 0}
    - target: {fileID: 7370941934053504016, guid: 7b48fc4290bb63e428813ab170dccbce, type: 3}
      propertyPath: m_Name
      value: Canvas_Choise (1)
      objectReference: {fileID: 0}
    - target: {fileID: 7370941934053504016, guid: 7b48fc4290bb63e428813ab170dccbce, type: 3}
      propertyPath: m_IsActive
      value: 0
      objectReference: {fileID: 0}
    - target: {fileID: 8675528396742196609, guid: 7b48fc4290bb63e428813ab170dccbce, type: 3}
      propertyPath: m_OnClick.m_PersistentCalls.m_Calls.Array.data[0].m_Target
      value: 
      objectReference: {fileID: 8538995450892630162}
    - target: {fileID: 8675528396742196609, guid: 7b48fc4290bb63e428813ab170dccbce, type: 3}
      propertyPath: m_OnClick.m_PersistentCalls.m_Calls.Array.data[0].m_MethodName
      value: ClouseChoise
      objectReference: {fileID: 0}
    - target: {fileID: 9221428058388327936, guid: 7b48fc4290bb63e428813ab170dccbce, type: 3}
      propertyPath: m_Sprite
      value: 
      objectReference: {fileID: 21300000, guid: 79cb4ef0a1fafae4abb6989a4694f2c0, type: 3}
    m_RemovedComponents: []
  m_SourcePrefab: {fileID: 100100000, guid: 7b48fc4290bb63e428813ab170dccbce, type: 3}
--- !u!1 &4273078268942505789 stripped
GameObject:
  m_CorrespondingSourceObject: {fileID: 7370941934053504016, guid: 7b48fc4290bb63e428813ab170dccbce, type: 3}
  m_PrefabInstance: {fileID: 6703571389582435117}
  m_PrefabAsset: {fileID: 0}
--- !u!224 &9133272161211708682 stripped
RectTransform:
  m_CorrespondingSourceObject: {fileID: 2573868805318284839, guid: 7b48fc4290bb63e428813ab170dccbce, type: 3}
  m_PrefabInstance: {fileID: 6703571389582435117}
  m_PrefabAsset: {fileID: 0}
--- !u!223 &8235988651112135363 stripped
Canvas:
  m_CorrespondingSourceObject: {fileID: 3408031551209314798, guid: 7b48fc4290bb63e428813ab170dccbce, type: 3}
  m_PrefabInstance: {fileID: 6703571389582435117}
  m_PrefabAsset: {fileID: 0}
--- !u!114 &3423289684836763354 stripped
MonoBehaviour:
  m_CorrespondingSourceObject: {fileID: 8252328987565237751, guid: 7b48fc4290bb63e428813ab170dccbce, type: 3}
  m_PrefabInstance: {fileID: 6703571389582435117}
  m_PrefabAsset: {fileID: 0}
  m_GameObject: {fileID: 0}
  m_Enabled: 1
  m_EditorHideFlags: 0
  m_Script: {fileID: 11500000, guid: 4e29b1a8efbd4b44bb3f3716e73f07ff, type: 3}
  m_Name: 
  m_EditorClassIdentifier: 
--- !u!114 &6854514319305735707 stripped
MonoBehaviour:
  m_CorrespondingSourceObject: {fileID: 155372939666234678, guid: 7b48fc4290bb63e428813ab170dccbce, type: 3}
  m_PrefabInstance: {fileID: 6703571389582435117}
  m_PrefabAsset: {fileID: 0}
  m_GameObject: {fileID: 0}
  m_Enabled: 1
  m_EditorHideFlags: 0
  m_Script: {fileID: 11500000, guid: f4688fdb7df04437aeb418b961361dc5, type: 3}
  m_Name: 
  m_EditorClassIdentifier: 
--- !u!114 &1550428034407948777 stripped
MonoBehaviour:
  m_CorrespondingSourceObject: {fileID: 5225271490298577604, guid: 7b48fc4290bb63e428813ab170dccbce, type: 3}
  m_PrefabInstance: {fileID: 6703571389582435117}
  m_PrefabAsset: {fileID: 0}
  m_GameObject: {fileID: 0}
  m_Enabled: 1
  m_EditorHideFlags: 0
  m_Script: {fileID: 11500000, guid: f4688fdb7df04437aeb418b961361dc5, type: 3}
  m_Name: 
  m_EditorClassIdentifier: 
--- !u!114 &4388791072835042093
MonoBehaviour:
  m_ObjectHideFlags: 0
  m_CorrespondingSourceObject: {fileID: 0}
  m_PrefabInstance: {fileID: 0}
  m_PrefabAsset: {fileID: 0}
  m_GameObject: {fileID: 4273078268942505789}
  m_Enabled: 1
  m_EditorHideFlags: 0
  m_Script: {fileID: 11500000, guid: e3f94afcc37c6e044b897703f8bb2ed9, type: 3}
  m_Name: 
  m_EditorClassIdentifier: 
  _crystalBank: {fileID: 11400000, guid: abd3b2493ce4e4f43bdb4d77a69f4b01, type: 2}
  _textUpgrate: {fileID: 6854514319305735707}
  _buttonUpgrate: {fileID: 3423289684836763354}
  _nameTowers: 0
  _level: 1
