%YAML 1.1
%TAG !u! tag:unity3d.com,2011:
--- !u!1 &429053613471584979
GameObject:
  m_ObjectHideFlags: 0
  m_CorrespondingSourceObject: {fileID: 0}
  m_PrefabInstance: {fileID: 0}
  m_PrefabAsset: {fileID: 0}
  serializedVersion: 6
  m_Component:
  - component: {fileID: 5802950237966168220}
  m_Layer: 0
  m_Name: SalateCrys
  m_TagString: Untagged
  m_Icon: {fileID: 0}
  m_NavMeshLayer: 0
  m_StaticEditorFlags: 0
  m_IsActive: 1
--- !u!4 &5802950237966168220
Transform:
  m_ObjectHideFlags: 0
  m_CorrespondingSourceObject: {fileID: 0}
  m_PrefabInstance: {fileID: 0}
  m_PrefabAsset: {fileID: 0}
  m_GameObject: {fileID: 429053613471584979}
  m_LocalRotation: {x: 0, y: 0, z: 0, w: 1}
  m_LocalPosition: {x: -8.78, y: -4.749, z: -85.5}
  m_LocalScale: {x: 1, y: 1, z: 1}
  m_Children:
  - {fileID: 5156321660718489409}
  - {fileID: 979524132364760210}
  - {fileID: 3271076933519441770}
  - {fileID: 5091066498276063056}
  - {fileID: 2824206976787428386}
  m_Father: {fileID: 0}
  m_RootOrder: 0
  m_LocalEulerAnglesHint: {x: 0, y: 0, z: 0}
--- !u!1 &6377617324814044195
GameObject:
  m_ObjectHideFlags: 0
  m_CorrespondingSourceObject: {fileID: 0}
  m_PrefabInstance: {fileID: 0}
  m_PrefabAsset: {fileID: 0}
  serializedVersion: 6
  m_Component:
  - component: {fileID: 2824206976787428386}
  - component: {fileID: 6991543142749204837}
  m_Layer: 0
  m_Name: Point Light (2)
  m_TagString: Untagged
  m_Icon: {fileID: 0}
  m_NavMeshLayer: 0
  m_StaticEditorFlags: 0
  m_IsActive: 1
--- !u!4 &2824206976787428386
Transform:
  m_ObjectHideFlags: 0
  m_CorrespondingSourceObject: {fileID: 0}
  m_PrefabInstance: {fileID: 0}
  m_PrefabAsset: {fileID: 0}
  m_GameObject: {fileID: 6377617324814044195}
  m_LocalRotation: {x: -0.0055595594, y: -0.39155677, z: -0.4743804, w: 0.78842604}
  m_LocalPosition: {x: -0.25065613, y: 2.8033895, z: 0.41622925}
  m_LocalScale: {x: 100, y: 100, z: 100}
  m_Children: []
  m_Father: {fileID: 5802950237966168220}
  m_RootOrder: 4
  m_LocalEulerAnglesHint: {x: 0, y: 0, z: 0}
--- !u!108 &6991543142749204837
Light:
  m_ObjectHideFlags: 0
  m_CorrespondingSourceObject: {fileID: 0}
  m_PrefabInstance: {fileID: 0}
  m_PrefabAsset: {fileID: 0}
  m_GameObject: {fileID: 6377617324814044195}
  m_Enabled: 1
  serializedVersion: 10
  m_Type: 2
  m_Shape: 0
  m_Color: {r: 0.8036231, g: 1, b: 0.35294116, a: 1}
  m_Intensity: 3
  m_Range: 20
  m_SpotAngle: 30
  m_InnerSpotAngle: 21.80208
  m_CookieSize: 10
  m_Shadows:
    m_Type: 0
    m_Resolution: -1
    m_CustomResolution: -1
    m_Strength: 1
    m_Bias: 0.05
    m_NormalBias: 0.4
    m_NearPlane: 0.2
    m_CullingMatrixOverride:
      e00: 1
      e01: 0
      e02: 0
      e03: 0
      e10: 0
      e11: 1
      e12: 0
      e13: 0
      e20: 0
      e21: 0
      e22: 1
      e23: 0
      e30: 0
      e31: 0
      e32: 0
      e33: 1
    m_UseCullingMatrixOverride: 0
  m_Cookie: {fileID: 0}
  m_DrawHalo: 0
  m_Flare: {fileID: 0}
  m_RenderMode: 0
  m_CullingMask:
    serializedVersion: 2
    m_Bits: 4294967295
  m_RenderingLayerMask: 1
  m_Lightmapping: 4
  m_LightShadowCasterMode: 0
  m_AreaSize: {x: 1, y: 1}
  m_BounceIntensity: 0
  m_ColorTemperature: 6570
  m_UseColorTemperature: 0
  m_BoundingSphereOverride: {x: 0, y: 0, z: 0, w: 0}
  m_UseBoundingSphereOverride: 0
  m_UseViewFrustumForShadowCasterCull: 1
  m_ShadowRadius: 0
  m_ShadowAngle: 0
--- !u!1001 &728810729632387961
PrefabInstance:
  m_ObjectHideFlags: 0
  serializedVersion: 2
  m_Modification:
    m_TransformParent: {fileID: 5802950237966168220}
    m_Modifications:
    - target: {fileID: -8679921383154817045, guid: c78006d9b2e5d7c4bb0bee3ffdb93b11, type: 3}
      propertyPath: m_RootOrder
      value: 1
      objectReference: {fileID: 0}
    - target: {fileID: -8679921383154817045, guid: c78006d9b2e5d7c4bb0bee3ffdb93b11, type: 3}
      propertyPath: m_LocalPosition.x
      value: -0.3600006
      objectReference: {fileID: 0}
    - target: {fileID: -8679921383154817045, guid: c78006d9b2e5d7c4bb0bee3ffdb93b11, type: 3}
      propertyPath: m_LocalPosition.y
      value: 1.2590001
      objectReference: {fileID: 0}
    - target: {fileID: -8679921383154817045, guid: c78006d9b2e5d7c4bb0bee3ffdb93b11, type: 3}
      propertyPath: m_LocalPosition.z
      value: 0.7999954
      objectReference: {fileID: 0}
    - target: {fileID: -8679921383154817045, guid: c78006d9b2e5d7c4bb0bee3ffdb93b11, type: 3}
      propertyPath: m_LocalRotation.w
      value: -0.24945296
      objectReference: {fileID: 0}
    - target: {fileID: -8679921383154817045, guid: c78006d9b2e5d7c4bb0bee3ffdb93b11, type: 3}
      propertyPath: m_LocalRotation.x
      value: 0.44648084
      objectReference: {fileID: 0}
    - target: {fileID: -8679921383154817045, guid: c78006d9b2e5d7c4bb0bee3ffdb93b11, type: 3}
      propertyPath: m_LocalRotation.y
      value: -0.85064745
      objectReference: {fileID: 0}
    - target: {fileID: -8679921383154817045, guid: c78006d9b2e5d7c4bb0bee3ffdb93b11, type: 3}
      propertyPath: m_LocalRotation.z
      value: -0.12176657
      objectReference: {fileID: 0}
    - target: {fileID: -8679921383154817045, guid: c78006d9b2e5d7c4bb0bee3ffdb93b11, type: 3}
      propertyPath: m_LocalEulerAnglesHint.x
      value: -25.462
      objectReference: {fileID: 0}
    - target: {fileID: -8679921383154817045, guid: c78006d9b2e5d7c4bb0bee3ffdb93b11, type: 3}
      propertyPath: m_LocalEulerAnglesHint.y
      value: -200.464
      objectReference: {fileID: 0}
    - target: {fileID: -8679921383154817045, guid: c78006d9b2e5d7c4bb0bee3ffdb93b11, type: 3}
      propertyPath: m_LocalEulerAnglesHint.z
      value: -50.717
      objectReference: {fileID: 0}
    - target: {fileID: -7511558181221131132, guid: c78006d9b2e5d7c4bb0bee3ffdb93b11, type: 3}
      propertyPath: m_Materials.Array.data[0]
      value: 
      objectReference: {fileID: 2100000, guid: c88db429053ba0749a20ce10fdd75382, type: 2}
    - target: {fileID: 919132149155446097, guid: c78006d9b2e5d7c4bb0bee3ffdb93b11, type: 3}
      propertyPath: m_Name
      value: Crystals (10)
      objectReference: {fileID: 0}
    m_RemovedComponents: []
  m_SourcePrefab: {fileID: 100100000, guid: c78006d9b2e5d7c4bb0bee3ffdb93b11, type: 3}
--- !u!4 &979524132364760210 stripped
Transform:
  m_CorrespondingSourceObject: {fileID: -8679921383154817045, guid: c78006d9b2e5d7c4bb0bee3ffdb93b11, type: 3}
  m_PrefabInstance: {fileID: 728810729632387961}
  m_PrefabAsset: {fileID: 0}
--- !u!1001 &3093843608073869441
PrefabInstance:
  m_ObjectHideFlags: 0
  serializedVersion: 2
  m_Modification:
    m_TransformParent: {fileID: 5802950237966168220}
    m_Modifications:
    - target: {fileID: -8679921383154817045, guid: c78006d9b2e5d7c4bb0bee3ffdb93b11, type: 3}
      propertyPath: m_RootOrder
      value: 2
      objectReference: {fileID: 0}
    - target: {fileID: -8679921383154817045, guid: c78006d9b2e5d7c4bb0bee3ffdb93b11, type: 3}
      propertyPath: m_LocalPosition.x
      value: 0.65272903
      objectReference: {fileID: 0}
    - target: {fileID: -8679921383154817045, guid: c78006d9b2e5d7c4bb0bee3ffdb93b11, type: 3}
      propertyPath: m_LocalPosition.y
      value: 1.5961447
      objectReference: {fileID: 0}
    - target: {fileID: -8679921383154817045, guid: c78006d9b2e5d7c4bb0bee3ffdb93b11, type: 3}
      propertyPath: m_LocalPosition.z
      value: -0.0134887695
      objectReference: {fileID: 0}
    - target: {fileID: -8679921383154817045, guid: c78006d9b2e5d7c4bb0bee3ffdb93b11, type: 3}
      propertyPath: m_LocalRotation.w
      value: 0.78842604
      objectReference: {fileID: 0}
    - target: {fileID: -8679921383154817045, guid: c78006d9b2e5d7c4bb0bee3ffdb93b11, type: 3}
      propertyPath: m_LocalRotation.x
      value: -0.0055595594
      objectReference: {fileID: 0}
    - target: {fileID: -8679921383154817045, guid: c78006d9b2e5d7c4bb0bee3ffdb93b11, type: 3}
      propertyPath: m_LocalRotation.y
      value: -0.39155677
      objectReference: {fileID: 0}
    - target: {fileID: -8679921383154817045, guid: c78006d9b2e5d7c4bb0bee3ffdb93b11, type: 3}
      propertyPath: m_LocalRotation.z
      value: -0.4743804
      objectReference: {fileID: 0}
    - target: {fileID: -8679921383154817045, guid: c78006d9b2e5d7c4bb0bee3ffdb93b11, type: 3}
      propertyPath: m_LocalEulerAnglesHint.x
      value: -22.35
      objectReference: {fileID: 0}
    - target: {fileID: -8679921383154817045, guid: c78006d9b2e5d7c4bb0bee3ffdb93b11, type: 3}
      propertyPath: m_LocalEulerAnglesHint.y
      value: -41.443
      objectReference: {fileID: 0}
    - target: {fileID: -8679921383154817045, guid: c78006d9b2e5d7c4bb0bee3ffdb93b11, type: 3}
      propertyPath: m_LocalEulerAnglesHint.z
      value: -53.521
      objectReference: {fileID: 0}
    - target: {fileID: -7511558181221131132, guid: c78006d9b2e5d7c4bb0bee3ffdb93b11, type: 3}
      propertyPath: m_Materials.Array.data[0]
      value: 
      objectReference: {fileID: 2100000, guid: c88db429053ba0749a20ce10fdd75382, type: 2}
    - target: {fileID: 919132149155446097, guid: c78006d9b2e5d7c4bb0bee3ffdb93b11, type: 3}
      propertyPath: m_Name
      value: Crystals (9)
      objectReference: {fileID: 0}
    m_RemovedComponents: []
  m_SourcePrefab: {fileID: 100100000, guid: c78006d9b2e5d7c4bb0bee3ffdb93b11, type: 3}
--- !u!4 &3271076933519441770 stripped
Transform:
  m_CorrespondingSourceObject: {fileID: -8679921383154817045, guid: c78006d9b2e5d7c4bb0bee3ffdb93b11, type: 3}
  m_PrefabInstance: {fileID: 3093843608073869441}
  m_PrefabAsset: {fileID: 0}
--- !u!1001 &4612906778466351274
PrefabInstance:
  m_ObjectHideFlags: 0
  serializedVersion: 2
  m_Modification:
    m_TransformParent: {fileID: 5802950237966168220}
    m_Modifications:
    - target: {fileID: -8679921383154817045, guid: c78006d9b2e5d7c4bb0bee3ffdb93b11, type: 3}
      propertyPath: m_RootOrder
      value: 0
      objectReference: {fileID: 0}
    - target: {fileID: -8679921383154817045, guid: c78006d9b2e5d7c4bb0bee3ffdb93b11, type: 3}
      propertyPath: m_LocalScale.x
      value: 117.44986
      objectReference: {fileID: 0}
    - target: {fileID: -8679921383154817045, guid: c78006d9b2e5d7c4bb0bee3ffdb93b11, type: 3}
      propertyPath: m_LocalScale.y
      value: 117.449875
      objectReference: {fileID: 0}
    - target: {fileID: -8679921383154817045, guid: c78006d9b2e5d7c4bb0bee3ffdb93b11, type: 3}
      propertyPath: m_LocalScale.z
      value: 117.44986
      objectReference: {fileID: 0}
    - target: {fileID: -8679921383154817045, guid: c78006d9b2e5d7c4bb0bee3ffdb93b11, type: 3}
      propertyPath: m_LocalPosition.x
      value: -0.89540005
      objectReference: {fileID: 0}
    - target: {fileID: -8679921383154817045, guid: c78006d9b2e5d7c4bb0bee3ffdb93b11, type: 3}
      propertyPath: m_LocalPosition.y
      value: 2.2326
      objectReference: {fileID: 0}
    - target: {fileID: -8679921383154817045, guid: c78006d9b2e5d7c4bb0bee3ffdb93b11, type: 3}
      propertyPath: m_LocalPosition.z
      value: 0.116996765
      objectReference: {fileID: 0}
    - target: {fileID: -8679921383154817045, guid: c78006d9b2e5d7c4bb0bee3ffdb93b11, type: 3}
      propertyPath: m_LocalRotation.w
      value: -0.24945296
      objectReference: {fileID: 0}
    - target: {fileID: -8679921383154817045, guid: c78006d9b2e5d7c4bb0bee3ffdb93b11, type: 3}
      propertyPath: m_LocalRotation.x
      value: 0.44648084
      objectReference: {fileID: 0}
    - target: {fileID: -8679921383154817045, guid: c78006d9b2e5d7c4bb0bee3ffdb93b11, type: 3}
      propertyPath: m_LocalRotation.y
      value: -0.85064745
      objectReference: {fileID: 0}
    - target: {fileID: -8679921383154817045, guid: c78006d9b2e5d7c4bb0bee3ffdb93b11, type: 3}
      propertyPath: m_LocalRotation.z
      value: -0.12176657
      objectReference: {fileID: 0}
    - target: {fileID: -8679921383154817045, guid: c78006d9b2e5d7c4bb0bee3ffdb93b11, type: 3}
      propertyPath: m_LocalEulerAnglesHint.x
      value: -25.462
      objectReference: {fileID: 0}
    - target: {fileID: -8679921383154817045, guid: c78006d9b2e5d7c4bb0bee3ffdb93b11, type: 3}
      propertyPath: m_LocalEulerAnglesHint.y
      value: -200.464
      objectReference: {fileID: 0}
    - target: {fileID: -8679921383154817045, guid: c78006d9b2e5d7c4bb0bee3ffdb93b11, type: 3}
      propertyPath: m_LocalEulerAnglesHint.z
      value: -50.717
      objectReference: {fileID: 0}
    - target: {fileID: -7511558181221131132, guid: c78006d9b2e5d7c4bb0bee3ffdb93b11, type: 3}
      propertyPath: m_Materials.Array.data[0]
      value: 
      objectReference: {fileID: 2100000, guid: c88db429053ba0749a20ce10fdd75382, type: 2}
    - target: {fileID: 919132149155446097, guid: c78006d9b2e5d7c4bb0bee3ffdb93b11, type: 3}
      propertyPath: m_Name
      value: Crystals (11)
      objectReference: {fileID: 0}
    m_RemovedComponents: []
  m_SourcePrefab: {fileID: 100100000, guid: c78006d9b2e5d7c4bb0bee3ffdb93b11, type: 3}
--- !u!4 &5156321660718489409 stripped
Transform:
  m_CorrespondingSourceObject: {fileID: -8679921383154817045, guid: c78006d9b2e5d7c4bb0bee3ffdb93b11, type: 3}
  m_PrefabInstance: {fileID: 4612906778466351274}
  m_PrefabAsset: {fileID: 0}
--- !u!1001 &4696589742930628795
PrefabInstance:
  m_ObjectHideFlags: 0
  serializedVersion: 2
  m_Modification:
    m_TransformParent: {fileID: 5802950237966168220}
    m_Modifications:
    - target: {fileID: -8679921383154817045, guid: c78006d9b2e5d7c4bb0bee3ffdb93b11, type: 3}
      propertyPath: m_RootOrder
      value: 3
      objectReference: {fileID: 0}
    - target: {fileID: -8679921383154817045, guid: c78006d9b2e5d7c4bb0bee3ffdb93b11, type: 3}
      propertyPath: m_LocalPosition.x
      value: -0.9499998
      objectReference: {fileID: 0}
    - target: {fileID: -8679921383154817045, guid: c78006d9b2e5d7c4bb0bee3ffdb93b11, type: 3}
      propertyPath: m_LocalPosition.y
      value: 1.4089999
      objectReference: {fileID: 0}
    - target: {fileID: -8679921383154817045, guid: c78006d9b2e5d7c4bb0bee3ffdb93b11, type: 3}
      propertyPath: m_LocalPosition.z
      value: 0.34999847
      objectReference: {fileID: 0}
    - target: {fileID: -8679921383154817045, guid: c78006d9b2e5d7c4bb0bee3ffdb93b11, type: 3}
      propertyPath: m_LocalRotation.w
      value: 0.95557463
      objectReference: {fileID: 0}
    - target: {fileID: -8679921383154817045, guid: c78006d9b2e5d7c4bb0bee3ffdb93b11, type: 3}
      propertyPath: m_LocalRotation.x
      value: -0.29474923
      objectReference: {fileID: 0}
    - target: {fileID: -8679921383154817045, guid: c78006d9b2e5d7c4bb0bee3ffdb93b11, type: 3}
      propertyPath: m_LocalRotation.y
      value: -0
      objectReference: {fileID: 0}
    - target: {fileID: -8679921383154817045, guid: c78006d9b2e5d7c4bb0bee3ffdb93b11, type: 3}
      propertyPath: m_LocalRotation.z
      value: -0
      objectReference: {fileID: 0}
    - target: {fileID: -8679921383154817045, guid: c78006d9b2e5d7c4bb0bee3ffdb93b11, type: 3}
      propertyPath: m_LocalEulerAnglesHint.x
      value: 0
      objectReference: {fileID: 0}
    - target: {fileID: -8679921383154817045, guid: c78006d9b2e5d7c4bb0bee3ffdb93b11, type: 3}
      propertyPath: m_LocalEulerAnglesHint.y
      value: 0
      objectReference: {fileID: 0}
    - target: {fileID: -8679921383154817045, guid: c78006d9b2e5d7c4bb0bee3ffdb93b11, type: 3}
      propertyPath: m_LocalEulerAnglesHint.z
      value: 0
      objectReference: {fileID: 0}
    - target: {fileID: -7511558181221131132, guid: c78006d9b2e5d7c4bb0bee3ffdb93b11, type: 3}
      propertyPath: m_Materials.Array.data[0]
      value: 
      objectReference: {fileID: 2100000, guid: c88db429053ba0749a20ce10fdd75382, type: 2}
    - target: {fileID: 919132149155446097, guid: c78006d9b2e5d7c4bb0bee3ffdb93b11, type: 3}
      propertyPath: m_Name
      value: Crystals (8)
      objectReference: {fileID: 0}
    m_RemovedComponents: []
  m_SourcePrefab: {fileID: 100100000, guid: c78006d9b2e5d7c4bb0bee3ffdb93b11, type: 3}
--- !u!4 &5091066498276063056 stripped
Transform:
  m_CorrespondingSourceObject: {fileID: -8679921383154817045, guid: c78006d9b2e5d7c4bb0bee3ffdb93b11, type: 3}
  m_PrefabInstance: {fileID: 4696589742930628795}
  m_PrefabAsset: {fileID: 0}
