%YAML 1.1
%TAG !u! tag:unity3d.com,2011:
--- !u!1 &7187937592337014055
GameObject:
  m_ObjectHideFlags: 0
  m_CorrespondingSourceObject: {fileID: 0}
  m_PrefabInstance: {fileID: 0}
  m_PrefabAsset: {fileID: 0}
  serializedVersion: 6
  m_Component:
  - component: {fileID: 8919182345313258046}
  - component: {fileID: 3857991222232740000}
  m_Layer: 0
  m_Name: Point Light (3)
  m_TagString: Untagged
  m_Icon: {fileID: 0}
  m_NavMeshLayer: 0
  m_StaticEditorFlags: 0
  m_IsActive: 1
--- !u!4 &8919182345313258046
Transform:
  m_ObjectHideFlags: 0
  m_CorrespondingSourceObject: {fileID: 0}
  m_PrefabInstance: {fileID: 0}
  m_PrefabAsset: {fileID: 0}
  m_GameObject: {fileID: 7187937592337014055}
  m_LocalRotation: {x: -0.0055595594, y: -0.39155677, z: -0.4743804, w: 0.78842604}
  m_LocalPosition: {x: -0.25065613, y: 2.8033895, z: 0.55000305}
  m_LocalScale: {x: 100, y: 100, z: 100}
  m_Children: []
  m_Father: {fileID: 5782682686601294386}
  m_RootOrder: 4
  m_LocalEulerAnglesHint: {x: 0, y: 0, z: 0}
--- !u!108 &3857991222232740000
Light:
  m_ObjectHideFlags: 0
  m_CorrespondingSourceObject: {fileID: 0}
  m_PrefabInstance: {fileID: 0}
  m_PrefabAsset: {fileID: 0}
  m_GameObject: {fileID: 7187937592337014055}
  m_Enabled: 1
  serializedVersion: 10
  m_Type: 2
  m_Shape: 0
  m_Color: {r: 0.35294116, g: 1, b: 0.8366261, a: 1}
  m_Intensity: 3
  m_Range: 20
  m_SpotAngle: 30
  m_InnerSpotAngle: 21.80208
  m_CookieSize: 10
  m_Shadows:
    m_Type: 0
    m_Resolution: -1
    m_CustomResolution: -1
    m_Strength: 1
    m_Bias: 0.05
    m_NormalBias: 0.4
    m_NearPlane: 0.2
    m_CullingMatrixOverride:
      e00: 1
      e01: 0
      e02: 0
      e03: 0
      e10: 0
      e11: 1
      e12: 0
      e13: 0
      e20: 0
      e21: 0
      e22: 1
      e23: 0
      e30: 0
      e31: 0
      e32: 0
      e33: 1
    m_UseCullingMatrixOverride: 0
  m_Cookie: {fileID: 0}
  m_DrawHalo: 0
  m_Flare: {fileID: 0}
  m_RenderMode: 0
  m_CullingMask:
    serializedVersion: 2
    m_Bits: 4294967295
  m_RenderingLayerMask: 1
  m_Lightmapping: 4
  m_LightShadowCasterMode: 0
  m_AreaSize: {x: 1, y: 1}
  m_BounceIntensity: 0
  m_ColorTemperature: 6570
  m_UseColorTemperature: 0
  m_BoundingSphereOverride: {x: 0, y: 0, z: 0, w: 0}
  m_UseBoundingSphereOverride: 0
  m_UseViewFrustumForShadowCasterCull: 1
  m_ShadowRadius: 0
  m_ShadowAngle: 0
--- !u!1 &9069445166325840684
GameObject:
  m_ObjectHideFlags: 0
  m_CorrespondingSourceObject: {fileID: 0}
  m_PrefabInstance: {fileID: 0}
  m_PrefabAsset: {fileID: 0}
  serializedVersion: 6
  m_Component:
  - component: {fileID: 5782682686601294386}
  m_Layer: 0
  m_Name: SkyCrys
  m_TagString: Untagged
  m_Icon: {fileID: 0}
  m_NavMeshLayer: 0
  m_StaticEditorFlags: 0
  m_IsActive: 1
--- !u!4 &5782682686601294386
Transform:
  m_ObjectHideFlags: 0
  m_CorrespondingSourceObject: {fileID: 0}
  m_PrefabInstance: {fileID: 0}
  m_PrefabAsset: {fileID: 0}
  m_GameObject: {fileID: 9069445166325840684}
  m_LocalRotation: {x: 0, y: 0, z: 0, w: 1}
  m_LocalPosition: {x: -8.78, y: -4.749, z: -89.24}
  m_LocalScale: {x: 1, y: 1, z: 1}
  m_Children:
  - {fileID: 345621747832817087}
  - {fileID: 1986232602415935863}
  - {fileID: 3805769696723780491}
  - {fileID: 2495289519329911937}
  - {fileID: 8919182345313258046}
  m_Father: {fileID: 0}
  m_RootOrder: 0
  m_LocalEulerAnglesHint: {x: 0, y: 0, z: 0}
--- !u!1001 &234570203600839252
PrefabInstance:
  m_ObjectHideFlags: 0
  serializedVersion: 2
  m_Modification:
    m_TransformParent: {fileID: 5782682686601294386}
    m_Modifications:
    - target: {fileID: -8679921383154817045, guid: c78006d9b2e5d7c4bb0bee3ffdb93b11, type: 3}
      propertyPath: m_RootOrder
      value: 0
      objectReference: {fileID: 0}
    - target: {fileID: -8679921383154817045, guid: c78006d9b2e5d7c4bb0bee3ffdb93b11, type: 3}
      propertyPath: m_LocalPosition.x
      value: -0.9499998
      objectReference: {fileID: 0}
    - target: {fileID: -8679921383154817045, guid: c78006d9b2e5d7c4bb0bee3ffdb93b11, type: 3}
      propertyPath: m_LocalPosition.y
      value: 1.4089999
      objectReference: {fileID: 0}
    - target: {fileID: -8679921383154817045, guid: c78006d9b2e5d7c4bb0bee3ffdb93b11, type: 3}
      propertyPath: m_LocalPosition.z
      value: 0.48377228
      objectReference: {fileID: 0}
    - target: {fileID: -8679921383154817045, guid: c78006d9b2e5d7c4bb0bee3ffdb93b11, type: 3}
      propertyPath: m_LocalRotation.w
      value: 0.95557463
      objectReference: {fileID: 0}
    - target: {fileID: -8679921383154817045, guid: c78006d9b2e5d7c4bb0bee3ffdb93b11, type: 3}
      propertyPath: m_LocalRotation.x
      value: -0.29474923
      objectReference: {fileID: 0}
    - target: {fileID: -8679921383154817045, guid: c78006d9b2e5d7c4bb0bee3ffdb93b11, type: 3}
      propertyPath: m_LocalRotation.y
      value: -0
      objectReference: {fileID: 0}
    - target: {fileID: -8679921383154817045, guid: c78006d9b2e5d7c4bb0bee3ffdb93b11, type: 3}
      propertyPath: m_LocalRotation.z
      value: -0
      objectReference: {fileID: 0}
    - target: {fileID: -8679921383154817045, guid: c78006d9b2e5d7c4bb0bee3ffdb93b11, type: 3}
      propertyPath: m_LocalEulerAnglesHint.x
      value: 0
      objectReference: {fileID: 0}
    - target: {fileID: -8679921383154817045, guid: c78006d9b2e5d7c4bb0bee3ffdb93b11, type: 3}
      propertyPath: m_LocalEulerAnglesHint.y
      value: 0
      objectReference: {fileID: 0}
    - target: {fileID: -8679921383154817045, guid: c78006d9b2e5d7c4bb0bee3ffdb93b11, type: 3}
      propertyPath: m_LocalEulerAnglesHint.z
      value: 0
      objectReference: {fileID: 0}
    - target: {fileID: -7511558181221131132, guid: c78006d9b2e5d7c4bb0bee3ffdb93b11, type: 3}
      propertyPath: m_Materials.Array.data[0]
      value: 
      objectReference: {fileID: 2100000, guid: 2bf4fa3fb67f48e4584291bcd895de57, type: 2}
    - target: {fileID: 919132149155446097, guid: c78006d9b2e5d7c4bb0bee3ffdb93b11, type: 3}
      propertyPath: m_Name
      value: Crystals (15)
      objectReference: {fileID: 0}
    m_RemovedComponents: []
  m_SourcePrefab: {fileID: 100100000, guid: c78006d9b2e5d7c4bb0bee3ffdb93b11, type: 3}
--- !u!4 &345621747832817087 stripped
Transform:
  m_CorrespondingSourceObject: {fileID: -8679921383154817045, guid: c78006d9b2e5d7c4bb0bee3ffdb93b11, type: 3}
  m_PrefabInstance: {fileID: 234570203600839252}
  m_PrefabAsset: {fileID: 0}
--- !u!1001 &2024998577640593052
PrefabInstance:
  m_ObjectHideFlags: 0
  serializedVersion: 2
  m_Modification:
    m_TransformParent: {fileID: 5782682686601294386}
    m_Modifications:
    - target: {fileID: -8679921383154817045, guid: c78006d9b2e5d7c4bb0bee3ffdb93b11, type: 3}
      propertyPath: m_RootOrder
      value: 1
      objectReference: {fileID: 0}
    - target: {fileID: -8679921383154817045, guid: c78006d9b2e5d7c4bb0bee3ffdb93b11, type: 3}
      propertyPath: m_LocalPosition.x
      value: 0.65272903
      objectReference: {fileID: 0}
    - target: {fileID: -8679921383154817045, guid: c78006d9b2e5d7c4bb0bee3ffdb93b11, type: 3}
      propertyPath: m_LocalPosition.y
      value: 1.5961447
      objectReference: {fileID: 0}
    - target: {fileID: -8679921383154817045, guid: c78006d9b2e5d7c4bb0bee3ffdb93b11, type: 3}
      propertyPath: m_LocalPosition.z
      value: 0.120285034
      objectReference: {fileID: 0}
    - target: {fileID: -8679921383154817045, guid: c78006d9b2e5d7c4bb0bee3ffdb93b11, type: 3}
      propertyPath: m_LocalRotation.w
      value: 0.78842604
      objectReference: {fileID: 0}
    - target: {fileID: -8679921383154817045, guid: c78006d9b2e5d7c4bb0bee3ffdb93b11, type: 3}
      propertyPath: m_LocalRotation.x
      value: -0.0055595594
      objectReference: {fileID: 0}
    - target: {fileID: -8679921383154817045, guid: c78006d9b2e5d7c4bb0bee3ffdb93b11, type: 3}
      propertyPath: m_LocalRotation.y
      value: -0.39155677
      objectReference: {fileID: 0}
    - target: {fileID: -8679921383154817045, guid: c78006d9b2e5d7c4bb0bee3ffdb93b11, type: 3}
      propertyPath: m_LocalRotation.z
      value: -0.4743804
      objectReference: {fileID: 0}
    - target: {fileID: -8679921383154817045, guid: c78006d9b2e5d7c4bb0bee3ffdb93b11, type: 3}
      propertyPath: m_LocalEulerAnglesHint.x
      value: -22.35
      objectReference: {fileID: 0}
    - target: {fileID: -8679921383154817045, guid: c78006d9b2e5d7c4bb0bee3ffdb93b11, type: 3}
      propertyPath: m_LocalEulerAnglesHint.y
      value: -41.443
      objectReference: {fileID: 0}
    - target: {fileID: -8679921383154817045, guid: c78006d9b2e5d7c4bb0bee3ffdb93b11, type: 3}
      propertyPath: m_LocalEulerAnglesHint.z
      value: -53.521
      objectReference: {fileID: 0}
    - target: {fileID: -7511558181221131132, guid: c78006d9b2e5d7c4bb0bee3ffdb93b11, type: 3}
      propertyPath: m_Materials.Array.data[0]
      value: 
      objectReference: {fileID: 2100000, guid: 2bf4fa3fb67f48e4584291bcd895de57, type: 2}
    - target: {fileID: 919132149155446097, guid: c78006d9b2e5d7c4bb0bee3ffdb93b11, type: 3}
      propertyPath: m_Name
      value: Crystals (14)
      objectReference: {fileID: 0}
    m_RemovedComponents: []
  m_SourcePrefab: {fileID: 100100000, guid: c78006d9b2e5d7c4bb0bee3ffdb93b11, type: 3}
--- !u!4 &1986232602415935863 stripped
Transform:
  m_CorrespondingSourceObject: {fileID: -8679921383154817045, guid: c78006d9b2e5d7c4bb0bee3ffdb93b11, type: 3}
  m_PrefabInstance: {fileID: 2024998577640593052}
  m_PrefabAsset: {fileID: 0}
--- !u!1001 &2678434401202160490
PrefabInstance:
  m_ObjectHideFlags: 0
  serializedVersion: 2
  m_Modification:
    m_TransformParent: {fileID: 5782682686601294386}
    m_Modifications:
    - target: {fileID: -8679921383154817045, guid: c78006d9b2e5d7c4bb0bee3ffdb93b11, type: 3}
      propertyPath: m_RootOrder
      value: 3
      objectReference: {fileID: 0}
    - target: {fileID: -8679921383154817045, guid: c78006d9b2e5d7c4bb0bee3ffdb93b11, type: 3}
      propertyPath: m_LocalScale.x
      value: 117.44986
      objectReference: {fileID: 0}
    - target: {fileID: -8679921383154817045, guid: c78006d9b2e5d7c4bb0bee3ffdb93b11, type: 3}
      propertyPath: m_LocalScale.y
      value: 117.449875
      objectReference: {fileID: 0}
    - target: {fileID: -8679921383154817045, guid: c78006d9b2e5d7c4bb0bee3ffdb93b11, type: 3}
      propertyPath: m_LocalScale.z
      value: 117.44986
      objectReference: {fileID: 0}
    - target: {fileID: -8679921383154817045, guid: c78006d9b2e5d7c4bb0bee3ffdb93b11, type: 3}
      propertyPath: m_LocalPosition.x
      value: -0.89540005
      objectReference: {fileID: 0}
    - target: {fileID: -8679921383154817045, guid: c78006d9b2e5d7c4bb0bee3ffdb93b11, type: 3}
      propertyPath: m_LocalPosition.y
      value: 2.2326
      objectReference: {fileID: 0}
    - target: {fileID: -8679921383154817045, guid: c78006d9b2e5d7c4bb0bee3ffdb93b11, type: 3}
      propertyPath: m_LocalPosition.z
      value: 0.25077057
      objectReference: {fileID: 0}
    - target: {fileID: -8679921383154817045, guid: c78006d9b2e5d7c4bb0bee3ffdb93b11, type: 3}
      propertyPath: m_LocalRotation.w
      value: -0.24945296
      objectReference: {fileID: 0}
    - target: {fileID: -8679921383154817045, guid: c78006d9b2e5d7c4bb0bee3ffdb93b11, type: 3}
      propertyPath: m_LocalRotation.x
      value: 0.44648084
      objectReference: {fileID: 0}
    - target: {fileID: -8679921383154817045, guid: c78006d9b2e5d7c4bb0bee3ffdb93b11, type: 3}
      propertyPath: m_LocalRotation.y
      value: -0.85064745
      objectReference: {fileID: 0}
    - target: {fileID: -8679921383154817045, guid: c78006d9b2e5d7c4bb0bee3ffdb93b11, type: 3}
      propertyPath: m_LocalRotation.z
      value: -0.12176657
      objectReference: {fileID: 0}
    - target: {fileID: -8679921383154817045, guid: c78006d9b2e5d7c4bb0bee3ffdb93b11, type: 3}
      propertyPath: m_LocalEulerAnglesHint.x
      value: -25.462
      objectReference: {fileID: 0}
    - target: {fileID: -8679921383154817045, guid: c78006d9b2e5d7c4bb0bee3ffdb93b11, type: 3}
      propertyPath: m_LocalEulerAnglesHint.y
      value: -200.464
      objectReference: {fileID: 0}
    - target: {fileID: -8679921383154817045, guid: c78006d9b2e5d7c4bb0bee3ffdb93b11, type: 3}
      propertyPath: m_LocalEulerAnglesHint.z
      value: -50.717
      objectReference: {fileID: 0}
    - target: {fileID: -7511558181221131132, guid: c78006d9b2e5d7c4bb0bee3ffdb93b11, type: 3}
      propertyPath: m_Materials.Array.data[0]
      value: 
      objectReference: {fileID: 2100000, guid: 2bf4fa3fb67f48e4584291bcd895de57, type: 2}
    - target: {fileID: 919132149155446097, guid: c78006d9b2e5d7c4bb0bee3ffdb93b11, type: 3}
      propertyPath: m_Name
      value: Crystals (12)
      objectReference: {fileID: 0}
    m_RemovedComponents: []
  m_SourcePrefab: {fileID: 100100000, guid: c78006d9b2e5d7c4bb0bee3ffdb93b11, type: 3}
--- !u!4 &2495289519329911937 stripped
Transform:
  m_CorrespondingSourceObject: {fileID: -8679921383154817045, guid: c78006d9b2e5d7c4bb0bee3ffdb93b11, type: 3}
  m_PrefabInstance: {fileID: 2678434401202160490}
  m_PrefabAsset: {fileID: 0}
--- !u!1001 &3700399912519181408
PrefabInstance:
  m_ObjectHideFlags: 0
  serializedVersion: 2
  m_Modification:
    m_TransformParent: {fileID: 5782682686601294386}
    m_Modifications:
    - target: {fileID: -8679921383154817045, guid: c78006d9b2e5d7c4bb0bee3ffdb93b11, type: 3}
      propertyPath: m_RootOrder
      value: 2
      objectReference: {fileID: 0}
    - target: {fileID: -8679921383154817045, guid: c78006d9b2e5d7c4bb0bee3ffdb93b11, type: 3}
      propertyPath: m_LocalPosition.x
      value: -0.3600006
      objectReference: {fileID: 0}
    - target: {fileID: -8679921383154817045, guid: c78006d9b2e5d7c4bb0bee3ffdb93b11, type: 3}
      propertyPath: m_LocalPosition.y
      value: 1.2590001
      objectReference: {fileID: 0}
    - target: {fileID: -8679921383154817045, guid: c78006d9b2e5d7c4bb0bee3ffdb93b11, type: 3}
      propertyPath: m_LocalPosition.z
      value: 0.9337692
      objectReference: {fileID: 0}
    - target: {fileID: -8679921383154817045, guid: c78006d9b2e5d7c4bb0bee3ffdb93b11, type: 3}
      propertyPath: m_LocalRotation.w
      value: -0.24945296
      objectReference: {fileID: 0}
    - target: {fileID: -8679921383154817045, guid: c78006d9b2e5d7c4bb0bee3ffdb93b11, type: 3}
      propertyPath: m_LocalRotation.x
      value: 0.44648084
      objectReference: {fileID: 0}
    - target: {fileID: -8679921383154817045, guid: c78006d9b2e5d7c4bb0bee3ffdb93b11, type: 3}
      propertyPath: m_LocalRotation.y
      value: -0.85064745
      objectReference: {fileID: 0}
    - target: {fileID: -8679921383154817045, guid: c78006d9b2e5d7c4bb0bee3ffdb93b11, type: 3}
      propertyPath: m_LocalRotation.z
      value: -0.12176657
      objectReference: {fileID: 0}
    - target: {fileID: -8679921383154817045, guid: c78006d9b2e5d7c4bb0bee3ffdb93b11, type: 3}
      propertyPath: m_LocalEulerAnglesHint.x
      value: -25.462
      objectReference: {fileID: 0}
    - target: {fileID: -8679921383154817045, guid: c78006d9b2e5d7c4bb0bee3ffdb93b11, type: 3}
      propertyPath: m_LocalEulerAnglesHint.y
      value: -200.464
      objectReference: {fileID: 0}
    - target: {fileID: -8679921383154817045, guid: c78006d9b2e5d7c4bb0bee3ffdb93b11, type: 3}
      propertyPath: m_LocalEulerAnglesHint.z
      value: -50.717
      objectReference: {fileID: 0}
    - target: {fileID: -7511558181221131132, guid: c78006d9b2e5d7c4bb0bee3ffdb93b11, type: 3}
      propertyPath: m_Materials.Array.data[0]
      value: 
      objectReference: {fileID: 2100000, guid: 2bf4fa3fb67f48e4584291bcd895de57, type: 2}
    - target: {fileID: 919132149155446097, guid: c78006d9b2e5d7c4bb0bee3ffdb93b11, type: 3}
      propertyPath: m_Name
      value: Crystals (13)
      objectReference: {fileID: 0}
    m_RemovedComponents: []
  m_SourcePrefab: {fileID: 100100000, guid: c78006d9b2e5d7c4bb0bee3ffdb93b11, type: 3}
--- !u!4 &3805769696723780491 stripped
Transform:
  m_CorrespondingSourceObject: {fileID: -8679921383154817045, guid: c78006d9b2e5d7c4bb0bee3ffdb93b11, type: 3}
  m_PrefabInstance: {fileID: 3700399912519181408}
  m_PrefabAsset: {fileID: 0}
