%YAML 1.1
%TAG !u! tag:unity3d.com,2011:
--- !u!1 &4817969303926172063
GameObject:
  m_ObjectHideFlags: 0
  m_CorrespondingSourceObject: {fileID: 0}
  m_PrefabInstance: {fileID: 0}
  m_PrefabAsset: {fileID: 0}
  serializedVersion: 6
  m_Component:
  - component: {fileID: 7311703281014694692}
  m_Layer: 0
  m_Name: Plazmagane_Level_Two 1
  m_TagString: Untagged
  m_Icon: {fileID: 0}
  m_NavMeshLayer: 0
  m_StaticEditorFlags: 0
  m_IsActive: 1
--- !u!4 &7311703281014694692
Transform:
  m_ObjectHideFlags: 0
  m_CorrespondingSourceObject: {fileID: 0}
  m_PrefabInstance: {fileID: 0}
  m_PrefabAsset: {fileID: 0}
  m_GameObject: {fileID: 4817969303926172063}
  m_LocalRotation: {x: 0, y: 0.7071068, z: -0, w: -0.7071068}
  m_LocalPosition: {x: -0.8235369, y: 0.00000023841858, z: -9.045662}
  m_LocalScale: {x: 1, y: 1, z: 1}
  m_Children:
  - {fileID: 8298186876235603030}
  - {fileID: 7584917968032650832}
  - {fileID: 4932120351548752652}
  - {fileID: 5538554321889635444}
  m_Father: {fileID: 0}
  m_RootOrder: 0
  m_LocalEulerAnglesHint: {x: 0, y: 270, z: 0}
--- !u!1001 &427175999738197972
PrefabInstance:
  m_ObjectHideFlags: 0
  serializedVersion: 2
  m_Modification:
    m_TransformParent: {fileID: 7311703281014694692}
    m_Modifications:
    - target: {fileID: 2661287607218259414, guid: bb294371ff8ee6d4aa65d82d10a85bf1, type: 3}
      propertyPath: m_Name
      value: Clike_Off_Canvas_Choise
      objectReference: {fileID: 0}
    - target: {fileID: 5274075259439946656, guid: bb294371ff8ee6d4aa65d82d10a85bf1, type: 3}
      propertyPath: m_RootOrder
      value: 3
      objectReference: {fileID: 0}
    - target: {fileID: 5274075259439946656, guid: bb294371ff8ee6d4aa65d82d10a85bf1, type: 3}
      propertyPath: m_LocalPosition.x
      value: -0.008999822
      objectReference: {fileID: 0}
    - target: {fileID: 5274075259439946656, guid: bb294371ff8ee6d4aa65d82d10a85bf1, type: 3}
      propertyPath: m_LocalPosition.y
      value: 0.6214001
      objectReference: {fileID: 0}
    - target: {fileID: 5274075259439946656, guid: bb294371ff8ee6d4aa65d82d10a85bf1, type: 3}
      propertyPath: m_LocalPosition.z
      value: 0.032999996
      objectReference: {fileID: 0}
    - target: {fileID: 5274075259439946656, guid: bb294371ff8ee6d4aa65d82d10a85bf1, type: 3}
      propertyPath: m_LocalRotation.w
      value: -0.7071068
      objectReference: {fileID: 0}
    - target: {fileID: 5274075259439946656, guid: bb294371ff8ee6d4aa65d82d10a85bf1, type: 3}
      propertyPath: m_LocalRotation.x
      value: -0
      objectReference: {fileID: 0}
    - target: {fileID: 5274075259439946656, guid: bb294371ff8ee6d4aa65d82d10a85bf1, type: 3}
      propertyPath: m_LocalRotation.y
      value: -0.7071068
      objectReference: {fileID: 0}
    - target: {fileID: 5274075259439946656, guid: bb294371ff8ee6d4aa65d82d10a85bf1, type: 3}
      propertyPath: m_LocalRotation.z
      value: -0
      objectReference: {fileID: 0}
    - target: {fileID: 5274075259439946656, guid: bb294371ff8ee6d4aa65d82d10a85bf1, type: 3}
      propertyPath: m_LocalEulerAnglesHint.x
      value: 0
      objectReference: {fileID: 0}
    - target: {fileID: 5274075259439946656, guid: bb294371ff8ee6d4aa65d82d10a85bf1, type: 3}
      propertyPath: m_LocalEulerAnglesHint.y
      value: 0
      objectReference: {fileID: 0}
    - target: {fileID: 5274075259439946656, guid: bb294371ff8ee6d4aa65d82d10a85bf1, type: 3}
      propertyPath: m_LocalEulerAnglesHint.z
      value: 0
      objectReference: {fileID: 0}
    - target: {fileID: 5619232600377498682, guid: bb294371ff8ee6d4aa65d82d10a85bf1, type: 3}
      propertyPath: _towerCanvas
      value: 
      objectReference: {fileID: 5224619758398917829}
    m_RemovedComponents: []
  m_SourcePrefab: {fileID: 100100000, guid: bb294371ff8ee6d4aa65d82d10a85bf1, type: 3}
--- !u!4 &5538554321889635444 stripped
Transform:
  m_CorrespondingSourceObject: {fileID: 5274075259439946656, guid: bb294371ff8ee6d4aa65d82d10a85bf1, type: 3}
  m_PrefabInstance: {fileID: 427175999738197972}
  m_PrefabAsset: {fileID: 0}
--- !u!114 &5194378844902796270 stripped
MonoBehaviour:
  m_CorrespondingSourceObject: {fileID: 5619232600377498682, guid: bb294371ff8ee6d4aa65d82d10a85bf1, type: 3}
  m_PrefabInstance: {fileID: 427175999738197972}
  m_PrefabAsset: {fileID: 0}
  m_GameObject: {fileID: 0}
  m_Enabled: 1
  m_EditorHideFlags: 0
  m_Script: {fileID: 11500000, guid: dc872d13c17b36840b7d06fe99777f94, type: 3}
  m_Name: 
  m_EditorClassIdentifier: 
--- !u!1001 &7040508732270603904
PrefabInstance:
  m_ObjectHideFlags: 0
  serializedVersion: 2
  m_Modification:
    m_TransformParent: {fileID: 7311703281014694692}
    m_Modifications:
    - target: {fileID: 532641721869390165, guid: 0b1c30a70d7da9c4196e91013026e619, type: 3}
      propertyPath: _range
      value: 18
      objectReference: {fileID: 0}
    - target: {fileID: 532641721869390165, guid: 0b1c30a70d7da9c4196e91013026e619, type: 3}
      propertyPath: _spawn
      value: 
      objectReference: {fileID: 7509172036608097249}
    - target: {fileID: 532641721869390165, guid: 0b1c30a70d7da9c4196e91013026e619, type: 3}
      propertyPath: _bullite
      value: 
      objectReference: {fileID: 6808130540014252229, guid: 1793ac59226e1704ba98d7df54422c51, type: 3}
    - target: {fileID: 532641721869390165, guid: 0b1c30a70d7da9c4196e91013026e619, type: 3}
      propertyPath: _oblastSpawn
      value: 
      objectReference: {fileID: 8849887466435567624}
    - target: {fileID: 532641721869390165, guid: 0b1c30a70d7da9c4196e91013026e619, type: 3}
      propertyPath: _partToRotate
      value: 
      objectReference: {fileID: 3081603201631542857}
    - target: {fileID: 1341507111637660374, guid: 0b1c30a70d7da9c4196e91013026e619, type: 3}
      propertyPath: m_RootOrder
      value: 0
      objectReference: {fileID: 0}
    - target: {fileID: 1341507111637660374, guid: 0b1c30a70d7da9c4196e91013026e619, type: 3}
      propertyPath: m_LocalPosition.x
      value: 0
      objectReference: {fileID: 0}
    - target: {fileID: 1341507111637660374, guid: 0b1c30a70d7da9c4196e91013026e619, type: 3}
      propertyPath: m_LocalPosition.y
      value: 0
      objectReference: {fileID: 0}
    - target: {fileID: 1341507111637660374, guid: 0b1c30a70d7da9c4196e91013026e619, type: 3}
      propertyPath: m_LocalPosition.z
      value: 0
      objectReference: {fileID: 0}
    - target: {fileID: 1341507111637660374, guid: 0b1c30a70d7da9c4196e91013026e619, type: 3}
      propertyPath: m_LocalRotation.w
      value: -0.7071068
      objectReference: {fileID: 0}
    - target: {fileID: 1341507111637660374, guid: 0b1c30a70d7da9c4196e91013026e619, type: 3}
      propertyPath: m_LocalRotation.x
      value: -0
      objectReference: {fileID: 0}
    - target: {fileID: 1341507111637660374, guid: 0b1c30a70d7da9c4196e91013026e619, type: 3}
      propertyPath: m_LocalRotation.y
      value: -0.7071068
      objectReference: {fileID: 0}
    - target: {fileID: 1341507111637660374, guid: 0b1c30a70d7da9c4196e91013026e619, type: 3}
      propertyPath: m_LocalRotation.z
      value: -0
      objectReference: {fileID: 0}
    - target: {fileID: 1341507111637660374, guid: 0b1c30a70d7da9c4196e91013026e619, type: 3}
      propertyPath: m_LocalEulerAnglesHint.x
      value: 0
      objectReference: {fileID: 0}
    - target: {fileID: 1341507111637660374, guid: 0b1c30a70d7da9c4196e91013026e619, type: 3}
      propertyPath: m_LocalEulerAnglesHint.y
      value: 0
      objectReference: {fileID: 0}
    - target: {fileID: 1341507111637660374, guid: 0b1c30a70d7da9c4196e91013026e619, type: 3}
      propertyPath: m_LocalEulerAnglesHint.z
      value: 0
      objectReference: {fileID: 0}
    - target: {fileID: 2532040786511641219, guid: 0b1c30a70d7da9c4196e91013026e619, type: 3}
      propertyPath: _range
      value: 18
      objectReference: {fileID: 0}
    - target: {fileID: 2532040786511641219, guid: 0b1c30a70d7da9c4196e91013026e619, type: 3}
      propertyPath: _spawn
      value: 
      objectReference: {fileID: 4272618014959706076}
    - target: {fileID: 2532040786511641219, guid: 0b1c30a70d7da9c4196e91013026e619, type: 3}
      propertyPath: _bullite
      value: 
      objectReference: {fileID: 6808130540014252229, guid: 1793ac59226e1704ba98d7df54422c51, type: 3}
    - target: {fileID: 2532040786511641219, guid: 0b1c30a70d7da9c4196e91013026e619, type: 3}
      propertyPath: _oblastSpawn
      value: 
      objectReference: {fileID: 410088873395449001}
    - target: {fileID: 2532040786511641219, guid: 0b1c30a70d7da9c4196e91013026e619, type: 3}
      propertyPath: _partToRotate
      value: 
      objectReference: {fileID: 3081603201631542857}
    - target: {fileID: 2630112701540404630, guid: 0b1c30a70d7da9c4196e91013026e619, type: 3}
      propertyPath: _range
      value: 18
      objectReference: {fileID: 0}
    - target: {fileID: 2630112701540404630, guid: 0b1c30a70d7da9c4196e91013026e619, type: 3}
      propertyPath: _spawn
      value: 
      objectReference: {fileID: 1867123419681178750}
    - target: {fileID: 2630112701540404630, guid: 0b1c30a70d7da9c4196e91013026e619, type: 3}
      propertyPath: _bullite
      value: 
      objectReference: {fileID: 6808130540014252229, guid: 1793ac59226e1704ba98d7df54422c51, type: 3}
    - target: {fileID: 2630112701540404630, guid: 0b1c30a70d7da9c4196e91013026e619, type: 3}
      propertyPath: _oblastSpawn
      value: 
      objectReference: {fileID: 3009739002167261995}
    - target: {fileID: 2630112701540404630, guid: 0b1c30a70d7da9c4196e91013026e619, type: 3}
      propertyPath: _partToRotate
      value: 
      objectReference: {fileID: 3081603201631542857}
    - target: {fileID: 4018193713107463366, guid: 0b1c30a70d7da9c4196e91013026e619, type: 3}
      propertyPath: m_Name
      value: Plazmagane_Level_Two
      objectReference: {fileID: 0}
    - target: {fileID: 4821205860865478391, guid: 0b1c30a70d7da9c4196e91013026e619, type: 3}
      propertyPath: _range
      value: 18
      objectReference: {fileID: 0}
    - target: {fileID: 4821205860865478391, guid: 0b1c30a70d7da9c4196e91013026e619, type: 3}
      propertyPath: _spawn
      value: 
      objectReference: {fileID: 2401754226397575443}
    - target: {fileID: 4821205860865478391, guid: 0b1c30a70d7da9c4196e91013026e619, type: 3}
      propertyPath: _bullite
      value: 
      objectReference: {fileID: 6808130540014252229, guid: 1793ac59226e1704ba98d7df54422c51, type: 3}
    - target: {fileID: 4821205860865478391, guid: 0b1c30a70d7da9c4196e91013026e619, type: 3}
      propertyPath: _oblastSpawn
      value: 
      objectReference: {fileID: 5065508928290253004}
    - target: {fileID: 4821205860865478391, guid: 0b1c30a70d7da9c4196e91013026e619, type: 3}
      propertyPath: _partToRotate
      value: 
      objectReference: {fileID: 3081603201631542857}
    - target: {fileID: 4900250735403474372, guid: 0b1c30a70d7da9c4196e91013026e619, type: 3}
      propertyPath: m_Size.x
      value: 2.6445606
      objectReference: {fileID: 0}
    - target: {fileID: 4900250735403474372, guid: 0b1c30a70d7da9c4196e91013026e619, type: 3}
      propertyPath: m_Size.y
      value: 3.309153
      objectReference: {fileID: 0}
    - target: {fileID: 4900250735403474372, guid: 0b1c30a70d7da9c4196e91013026e619, type: 3}
      propertyPath: m_Size.z
      value: 3.0081096
      objectReference: {fileID: 0}
    - target: {fileID: 4900250735403474372, guid: 0b1c30a70d7da9c4196e91013026e619, type: 3}
      propertyPath: m_Center.x
      value: 0.27382058
      objectReference: {fileID: 0}
    - target: {fileID: 4900250735403474372, guid: 0b1c30a70d7da9c4196e91013026e619, type: 3}
      propertyPath: m_Center.y
      value: 0.61221194
      objectReference: {fileID: 0}
    - target: {fileID: 4900250735403474372, guid: 0b1c30a70d7da9c4196e91013026e619, type: 3}
      propertyPath: m_Center.z
      value: 0.60371846
      objectReference: {fileID: 0}
    - target: {fileID: 6543384327104276597, guid: 0b1c30a70d7da9c4196e91013026e619, type: 3}
      propertyPath: m_LocalPosition.z
      value: -0.01
      objectReference: {fileID: 0}
    - target: {fileID: 7535114050218659720, guid: 0b1c30a70d7da9c4196e91013026e619, type: 3}
      propertyPath: m_Enabled
      value: 0
      objectReference: {fileID: 0}
    - target: {fileID: 8829832508844966269, guid: 0b1c30a70d7da9c4196e91013026e619, type: 3}
      propertyPath: m_Enabled
      value: 1
      objectReference: {fileID: 0}
    m_RemovedComponents: []
  m_SourcePrefab: {fileID: 100100000, guid: 0b1c30a70d7da9c4196e91013026e619, type: 3}
--- !u!4 &8298186876235603030 stripped
Transform:
  m_CorrespondingSourceObject: {fileID: 1341507111637660374, guid: 0b1c30a70d7da9c4196e91013026e619, type: 3}
  m_PrefabInstance: {fileID: 7040508732270603904}
  m_PrefabAsset: {fileID: 0}
--- !u!1 &1913482248015198809 stripped
GameObject:
  m_CorrespondingSourceObject: {fileID: 8879660942404637913, guid: 0b1c30a70d7da9c4196e91013026e619, type: 3}
  m_PrefabInstance: {fileID: 7040508732270603904}
  m_PrefabAsset: {fileID: 0}
--- !u!4 &3081603201631542857 stripped
Transform:
  m_CorrespondingSourceObject: {fileID: 5436096173913026761, guid: 0b1c30a70d7da9c4196e91013026e619, type: 3}
  m_PrefabInstance: {fileID: 7040508732270603904}
  m_PrefabAsset: {fileID: 0}
--- !u!4 &5065508928290253004 stripped
Transform:
  m_CorrespondingSourceObject: {fileID: 2880233295160346188, guid: 0b1c30a70d7da9c4196e91013026e619, type: 3}
  m_PrefabInstance: {fileID: 7040508732270603904}
  m_PrefabAsset: {fileID: 0}
--- !u!114 &2401754226397575443 stripped
MonoBehaviour:
  m_CorrespondingSourceObject: {fileID: 4674833022715828115, guid: 0b1c30a70d7da9c4196e91013026e619, type: 3}
  m_PrefabInstance: {fileID: 7040508732270603904}
  m_PrefabAsset: {fileID: 0}
  m_GameObject: {fileID: 0}
  m_Enabled: 1
  m_EditorHideFlags: 0
  m_Script: {fileID: 11500000, guid: da3da635ee0c60148986ab6abbc27349, type: 3}
  m_Name: 
  m_EditorClassIdentifier: 
--- !u!4 &410088873395449001 stripped
Transform:
  m_CorrespondingSourceObject: {fileID: 7206890576041804329, guid: 0b1c30a70d7da9c4196e91013026e619, type: 3}
  m_PrefabInstance: {fileID: 7040508732270603904}
  m_PrefabAsset: {fileID: 0}
--- !u!114 &4272618014959706076 stripped
MonoBehaviour:
  m_CorrespondingSourceObject: {fileID: 6557111389362450780, guid: 0b1c30a70d7da9c4196e91013026e619, type: 3}
  m_PrefabInstance: {fileID: 7040508732270603904}
  m_PrefabAsset: {fileID: 0}
  m_GameObject: {fileID: 0}
  m_Enabled: 1
  m_EditorHideFlags: 0
  m_Script: {fileID: 11500000, guid: da3da635ee0c60148986ab6abbc27349, type: 3}
  m_Name: 
  m_EditorClassIdentifier: 
--- !u!4 &8849887466435567624 stripped
Transform:
  m_CorrespondingSourceObject: {fileID: 1974252983362555528, guid: 0b1c30a70d7da9c4196e91013026e619, type: 3}
  m_PrefabInstance: {fileID: 7040508732270603904}
  m_PrefabAsset: {fileID: 0}
--- !u!114 &7509172036608097249 stripped
MonoBehaviour:
  m_CorrespondingSourceObject: {fileID: 684856438422771041, guid: 0b1c30a70d7da9c4196e91013026e619, type: 3}
  m_PrefabInstance: {fileID: 7040508732270603904}
  m_PrefabAsset: {fileID: 0}
  m_GameObject: {fileID: 0}
  m_Enabled: 1
  m_EditorHideFlags: 0
  m_Script: {fileID: 11500000, guid: da3da635ee0c60148986ab6abbc27349, type: 3}
  m_Name: 
  m_EditorClassIdentifier: 
--- !u!4 &3009739002167261995 stripped
Transform:
  m_CorrespondingSourceObject: {fileID: 5219765215416489387, guid: 0b1c30a70d7da9c4196e91013026e619, type: 3}
  m_PrefabInstance: {fileID: 7040508732270603904}
  m_PrefabAsset: {fileID: 0}
--- !u!114 &1867123419681178750 stripped
MonoBehaviour:
  m_CorrespondingSourceObject: {fileID: 8673286061799942910, guid: 0b1c30a70d7da9c4196e91013026e619, type: 3}
  m_PrefabInstance: {fileID: 7040508732270603904}
  m_PrefabAsset: {fileID: 0}
  m_GameObject: {fileID: 0}
  m_Enabled: 1
  m_EditorHideFlags: 0
  m_Script: {fileID: 11500000, guid: da3da635ee0c60148986ab6abbc27349, type: 3}
  m_Name: 
  m_EditorClassIdentifier: 
--- !u!114 &4474702449154208131
MonoBehaviour:
  m_ObjectHideFlags: 0
  m_CorrespondingSourceObject: {fileID: 0}
  m_PrefabInstance: {fileID: 0}
  m_PrefabAsset: {fileID: 0}
  m_GameObject: {fileID: 1913482248015198809}
  m_Enabled: 1
  m_EditorHideFlags: 0
  m_Script: {fileID: 11500000, guid: 6871c127a7fa3db4798d420661c62b57, type: 3}
  m_Name: 
  m_EditorClassIdentifier: 
  _towerCanvas: {fileID: 5224619758398917829}
  _text: {fileID: 3231458448275582983}
  _thisTower: {fileID: 4817969303926172063}
  _nameTowers: 1
  _level: 2
  _saleUpgrateManeger: {fileID: 4572574204532025171, guid: 58b12717c8435274c9bd7bb333f80550, type: 3}
  _crystalBank: {fileID: 11400000, guid: abd3b2493ce4e4f43bdb4d77a69f4b01, type: 2}
--- !u!1001 &7478879597937644843
PrefabInstance:
  m_ObjectHideFlags: 0
  serializedVersion: 2
  m_Modification:
    m_TransformParent: {fileID: 7311703281014694692}
    m_Modifications:
    - target: {fileID: 155372939666234678, guid: 7b48fc4290bb63e428813ab170dccbce, type: 3}
      propertyPath: m_text
      value: 0
      objectReference: {fileID: 0}
    - target: {fileID: 2573868805318284839, guid: 7b48fc4290bb63e428813ab170dccbce, type: 3}
      propertyPath: m_Pivot.x
      value: 0
      objectReference: {fileID: 0}
    - target: {fileID: 2573868805318284839, guid: 7b48fc4290bb63e428813ab170dccbce, type: 3}
      propertyPath: m_Pivot.y
      value: 0
      objectReference: {fileID: 0}
    - target: {fileID: 2573868805318284839, guid: 7b48fc4290bb63e428813ab170dccbce, type: 3}
      propertyPath: m_RootOrder
      value: 2
      objectReference: {fileID: 0}
    - target: {fileID: 2573868805318284839, guid: 7b48fc4290bb63e428813ab170dccbce, type: 3}
      propertyPath: m_AnchorMax.x
      value: 0
      objectReference: {fileID: 0}
    - target: {fileID: 2573868805318284839, guid: 7b48fc4290bb63e428813ab170dccbce, type: 3}
      propertyPath: m_AnchorMax.y
      value: 0
      objectReference: {fileID: 0}
    - target: {fileID: 2573868805318284839, guid: 7b48fc4290bb63e428813ab170dccbce, type: 3}
      propertyPath: m_AnchorMin.x
      value: 0
      objectReference: {fileID: 0}
    - target: {fileID: 2573868805318284839, guid: 7b48fc4290bb63e428813ab170dccbce, type: 3}
      propertyPath: m_AnchorMin.y
      value: 0
      objectReference: {fileID: 0}
    - target: {fileID: 2573868805318284839, guid: 7b48fc4290bb63e428813ab170dccbce, type: 3}
      propertyPath: m_SizeDelta.x
      value: 0
      objectReference: {fileID: 0}
    - target: {fileID: 2573868805318284839, guid: 7b48fc4290bb63e428813ab170dccbce, type: 3}
      propertyPath: m_SizeDelta.y
      value: 0
      objectReference: {fileID: 0}
    - target: {fileID: 2573868805318284839, guid: 7b48fc4290bb63e428813ab170dccbce, type: 3}
      propertyPath: m_LocalPosition.x
      value: 0
      objectReference: {fileID: 0}
    - target: {fileID: 2573868805318284839, guid: 7b48fc4290bb63e428813ab170dccbce, type: 3}
      propertyPath: m_LocalPosition.y
      value: 0
      objectReference: {fileID: 0}
    - target: {fileID: 2573868805318284839, guid: 7b48fc4290bb63e428813ab170dccbce, type: 3}
      propertyPath: m_LocalPosition.z
      value: 0
      objectReference: {fileID: 0}
    - target: {fileID: 2573868805318284839, guid: 7b48fc4290bb63e428813ab170dccbce, type: 3}
      propertyPath: m_LocalRotation.w
      value: 1
      objectReference: {fileID: 0}
    - target: {fileID: 2573868805318284839, guid: 7b48fc4290bb63e428813ab170dccbce, type: 3}
      propertyPath: m_LocalRotation.x
      value: 0
      objectReference: {fileID: 0}
    - target: {fileID: 2573868805318284839, guid: 7b48fc4290bb63e428813ab170dccbce, type: 3}
      propertyPath: m_LocalRotation.y
      value: 0
      objectReference: {fileID: 0}
    - target: {fileID: 2573868805318284839, guid: 7b48fc4290bb63e428813ab170dccbce, type: 3}
      propertyPath: m_LocalRotation.z
      value: 0
      objectReference: {fileID: 0}
    - target: {fileID: 2573868805318284839, guid: 7b48fc4290bb63e428813ab170dccbce, type: 3}
      propertyPath: m_AnchoredPosition.x
      value: 0
      objectReference: {fileID: 0}
    - target: {fileID: 2573868805318284839, guid: 7b48fc4290bb63e428813ab170dccbce, type: 3}
      propertyPath: m_AnchoredPosition.y
      value: 0
      objectReference: {fileID: 0}
    - target: {fileID: 2573868805318284839, guid: 7b48fc4290bb63e428813ab170dccbce, type: 3}
      propertyPath: m_LocalEulerAnglesHint.x
      value: 0
      objectReference: {fileID: 0}
    - target: {fileID: 2573868805318284839, guid: 7b48fc4290bb63e428813ab170dccbce, type: 3}
      propertyPath: m_LocalEulerAnglesHint.y
      value: 0
      objectReference: {fileID: 0}
    - target: {fileID: 2573868805318284839, guid: 7b48fc4290bb63e428813ab170dccbce, type: 3}
      propertyPath: m_LocalEulerAnglesHint.z
      value: 0
      objectReference: {fileID: 0}
    - target: {fileID: 3676317264220079624, guid: 7b48fc4290bb63e428813ab170dccbce, type: 3}
      propertyPath: m_Enabled
      value: 0
      objectReference: {fileID: 0}
    - target: {fileID: 3847857247758860434, guid: 7b48fc4290bb63e428813ab170dccbce, type: 3}
      propertyPath: m_IsActive
      value: 0
      objectReference: {fileID: 0}
    - target: {fileID: 5225271490298577604, guid: 7b48fc4290bb63e428813ab170dccbce, type: 3}
      propertyPath: m_text
      value: 1200
      objectReference: {fileID: 0}
    - target: {fileID: 7203701793162608311, guid: 7b48fc4290bb63e428813ab170dccbce, type: 3}
      propertyPath: m_IsActive
      value: 0
      objectReference: {fileID: 0}
    - target: {fileID: 7370941934053504016, guid: 7b48fc4290bb63e428813ab170dccbce, type: 3}
      propertyPath: m_Name
      value: Canvas_Choise (1)
      objectReference: {fileID: 0}
    - target: {fileID: 7370941934053504016, guid: 7b48fc4290bb63e428813ab170dccbce, type: 3}
      propertyPath: m_IsActive
      value: 0
      objectReference: {fileID: 0}
    - target: {fileID: 8675528396742196609, guid: 7b48fc4290bb63e428813ab170dccbce, type: 3}
      propertyPath: m_OnClick.m_PersistentCalls.m_Calls.Array.data[0].m_Target
      value: 
      objectReference: {fileID: 5194378844902796270}
    - target: {fileID: 8675528396742196609, guid: 7b48fc4290bb63e428813ab170dccbce, type: 3}
      propertyPath: m_OnClick.m_PersistentCalls.m_Calls.Array.data[0].m_MethodName
      value: ClouseChoise
      objectReference: {fileID: 0}
    m_RemovedComponents: []
  m_SourcePrefab: {fileID: 100100000, guid: 7b48fc4290bb63e428813ab170dccbce, type: 3}
--- !u!224 &4932120351548752652 stripped
RectTransform:
  m_CorrespondingSourceObject: {fileID: 2573868805318284839, guid: 7b48fc4290bb63e428813ab170dccbce, type: 3}
  m_PrefabInstance: {fileID: 7478879597937644843}
  m_PrefabAsset: {fileID: 0}
--- !u!223 &5224619758398917829 stripped
Canvas:
  m_CorrespondingSourceObject: {fileID: 3408031551209314798, guid: 7b48fc4290bb63e428813ab170dccbce, type: 3}
  m_PrefabInstance: {fileID: 7478879597937644843}
  m_PrefabAsset: {fileID: 0}
--- !u!1001 &9185256926259865489
PrefabInstance:
  m_ObjectHideFlags: 0
  serializedVersion: 2
  m_Modification:
    m_TransformParent: {fileID: 7311703281014694692}
    m_Modifications:
    - target: {fileID: 1602045851616293313, guid: a76a26fbe82fa4d42986532312f2a00a, type: 3}
      propertyPath: m_Pivot.x
      value: 0.5
      objectReference: {fileID: 0}
    - target: {fileID: 1602045851616293313, guid: a76a26fbe82fa4d42986532312f2a00a, type: 3}
      propertyPath: m_Pivot.y
      value: 0.5
      objectReference: {fileID: 0}
    - target: {fileID: 1602045851616293313, guid: a76a26fbe82fa4d42986532312f2a00a, type: 3}
      propertyPath: m_RootOrder
      value: 1
      objectReference: {fileID: 0}
    - target: {fileID: 1602045851616293313, guid: a76a26fbe82fa4d42986532312f2a00a, type: 3}
      propertyPath: m_AnchorMax.x
      value: 0
      objectReference: {fileID: 0}
    - target: {fileID: 1602045851616293313, guid: a76a26fbe82fa4d42986532312f2a00a, type: 3}
      propertyPath: m_AnchorMax.y
      value: 0
      objectReference: {fileID: 0}
    - target: {fileID: 1602045851616293313, guid: a76a26fbe82fa4d42986532312f2a00a, type: 3}
      propertyPath: m_AnchorMin.x
      value: 0
      objectReference: {fileID: 0}
    - target: {fileID: 1602045851616293313, guid: a76a26fbe82fa4d42986532312f2a00a, type: 3}
      propertyPath: m_AnchorMin.y
      value: 0
      objectReference: {fileID: 0}
    - target: {fileID: 1602045851616293313, guid: a76a26fbe82fa4d42986532312f2a00a, type: 3}
      propertyPath: m_SizeDelta.x
      value: 9.9515
      objectReference: {fileID: 0}
    - target: {fileID: 1602045851616293313, guid: a76a26fbe82fa4d42986532312f2a00a, type: 3}
      propertyPath: m_SizeDelta.y
      value: 11.3683
      objectReference: {fileID: 0}
    - target: {fileID: 1602045851616293313, guid: a76a26fbe82fa4d42986532312f2a00a, type: 3}
      propertyPath: m_LocalScale.x
      value: 0.99999976
      objectReference: {fileID: 0}
    - target: {fileID: 1602045851616293313, guid: a76a26fbe82fa4d42986532312f2a00a, type: 3}
      propertyPath: m_LocalScale.z
      value: 0.99999976
      objectReference: {fileID: 0}
    - target: {fileID: 1602045851616293313, guid: a76a26fbe82fa4d42986532312f2a00a, type: 3}
      propertyPath: m_LocalPosition.x
      value: 0
      objectReference: {fileID: 0}
    - target: {fileID: 1602045851616293313, guid: a76a26fbe82fa4d42986532312f2a00a, type: 3}
      propertyPath: m_LocalPosition.y
      value: 0
      objectReference: {fileID: 0}
    - target: {fileID: 1602045851616293313, guid: a76a26fbe82fa4d42986532312f2a00a, type: 3}
      propertyPath: m_LocalPosition.z
      value: 0.59393793
      objectReference: {fileID: 0}
    - target: {fileID: 1602045851616293313, guid: a76a26fbe82fa4d42986532312f2a00a, type: 3}
      propertyPath: m_LocalRotation.w
      value: -0.7071068
      objectReference: {fileID: 0}
    - target: {fileID: 1602045851616293313, guid: a76a26fbe82fa4d42986532312f2a00a, type: 3}
      propertyPath: m_LocalRotation.x
      value: -0
      objectReference: {fileID: 0}
    - target: {fileID: 1602045851616293313, guid: a76a26fbe82fa4d42986532312f2a00a, type: 3}
      propertyPath: m_LocalRotation.y
      value: -0.7071068
      objectReference: {fileID: 0}
    - target: {fileID: 1602045851616293313, guid: a76a26fbe82fa4d42986532312f2a00a, type: 3}
      propertyPath: m_LocalRotation.z
      value: -0
      objectReference: {fileID: 0}
    - target: {fileID: 1602045851616293313, guid: a76a26fbe82fa4d42986532312f2a00a, type: 3}
      propertyPath: m_AnchoredPosition.x
      value: 0.11219239
      objectReference: {fileID: 0}
    - target: {fileID: 1602045851616293313, guid: a76a26fbe82fa4d42986532312f2a00a, type: 3}
      propertyPath: m_AnchoredPosition.y
      value: 7.01
      objectReference: {fileID: 0}
    - target: {fileID: 1602045851616293313, guid: a76a26fbe82fa4d42986532312f2a00a, type: 3}
      propertyPath: m_LocalEulerAnglesHint.x
      value: 0
      objectReference: {fileID: 0}
    - target: {fileID: 1602045851616293313, guid: a76a26fbe82fa4d42986532312f2a00a, type: 3}
      propertyPath: m_LocalEulerAnglesHint.y
      value: 0
      objectReference: {fileID: 0}
    - target: {fileID: 1602045851616293313, guid: a76a26fbe82fa4d42986532312f2a00a, type: 3}
      propertyPath: m_LocalEulerAnglesHint.z
      value: 0
      objectReference: {fileID: 0}
    - target: {fileID: 6026067901537900438, guid: a76a26fbe82fa4d42986532312f2a00a, type: 3}
      propertyPath: m_text
      value: 0
      objectReference: {fileID: 0}
    - target: {fileID: 8020008904236528674, guid: a76a26fbe82fa4d42986532312f2a00a, type: 3}
      propertyPath: m_Name
      value: CanvasFromTower
      objectReference: {fileID: 0}
    - target: {fileID: 8020008904236528674, guid: a76a26fbe82fa4d42986532312f2a00a, type: 3}
      propertyPath: m_IsActive
      value: 0
      objectReference: {fileID: 0}
    m_RemovedComponents: []
  m_SourcePrefab: {fileID: 100100000, guid: a76a26fbe82fa4d42986532312f2a00a, type: 3}
--- !u!224 &7584917968032650832 stripped
RectTransform:
  m_CorrespondingSourceObject: {fileID: 1602045851616293313, guid: a76a26fbe82fa4d42986532312f2a00a, type: 3}
  m_PrefabInstance: {fileID: 9185256926259865489}
  m_PrefabAsset: {fileID: 0}
--- !u!114 &3231458448275582983 stripped
MonoBehaviour:
  m_CorrespondingSourceObject: {fileID: 6026067901537900438, guid: a76a26fbe82fa4d42986532312f2a00a, type: 3}
  m_PrefabInstance: {fileID: 9185256926259865489}
  m_PrefabAsset: {fileID: 0}
  m_GameObject: {fileID: 0}
  m_Enabled: 1
  m_EditorHideFlags: 0
  m_Script: {fileID: 11500000, guid: f4688fdb7df04437aeb418b961361dc5, type: 3}
  m_Name: 
  m_EditorClassIdentifier: 
